2252 3530
576 161 610 218 ΙΙ
787 221 789 228 ,
978 165 1019 225 45

167 269 197 320 et
214 265 405 334 quodeunque
422 266 509 332 stragis
527 266 568 319 vis
586 267 685 320 multas
702 270 824 337 possidet
841 271 870 324 in
887 286 918 326 se

167 348 249 412 atquo
266 347 426 412 potestates,
444 343 483 396 ita
500 342 618 411 plurima
635 343 829 414 principiorum

165 421 194 474 in
214 437 273 474 sese
291 435 394 488 genera
411 436 444 473 ao
461 419 549 473 varias
568 419 650 474 docet
668 437 727 475 esse
745 423 852 490 figuras.

150 497 299 567 ,principio
318 496 399 550 tellus
415 495 500 549 habet
517 497 545 549 in
564 513 593 550 se
612 515 725 568 corpora
742 500 830 568 prima

167 575 239 627 unde
257 590 332 627 mare
350 573 501 626 inmensum
519 574 658 629 volventes
677 575 778 644 frigora
796 576 884 631 fontes

166 650 281 704 adsiduo
298 654 438 718 renovent,
455 649 538 704 habet
557 652 634 719 ignes
652 652 726 705 unde
744 653 872 707 oriantur.

166 745 229 781 nam
248 728 341 780 multis
360 744 488 781 succensa
505 728 571 782 loeis
588 730 687 784 ardent
705 729 762 783 sola
778 733 878 799 terrae,

166 805 273 858 eximiis
291 821 355 858 vero
372 805 440 858 furit
458 805 565 873 ignibus
584 807 702 875 impetus
721 809 835 861 Aetnae.

165 885 224 935 tum
242 899 322 952 porro
341 882 443 936 nitidas
461 884 553 951 fruges
571 883 736 952 arbustaque
753 883 825 937 laeta

163 958 289 1026 gentibus
307 958 430 1012 humanis
448 960 531 1014 habet
548 959 621 1014 unde
638 960 769 1014 extollere
786 959 879 1029 possit,

164 1034 237 1088 unde
256 1035 339 1089 otiam
357 1035 452 1090 fluvios
470 1036 582 1089 frondes
600 1041 629 1090 et
647 1036 747 1106 pabula
765 1037 838 1090 laets

165 1112 319 1180 montivago
336 1113 430 1181 generi
448 1114 535 1182 possit
552 1113 685 1182 praebere
703 1114 828 1167 feranrm.

166 1204 250 1256 quare
268 1205 366 1256 magna
384 1188 466 1243 deum
484 1194 572 1244 mater
589 1193 731 1258 materque
748 1190 868 1244 foranum

166 1267 196 1317 et
213 1265 299 1318 nostri
316 1266 442 1332 genetrix
462 1265 527 1319 haee
546 1266 620 1320 dieta
637 1269 680 1319 ost
698 1267 817 1335 eorporis
834 1281 895 1318 nna

203 1339 282 1394 Hane
300 1344 408 1394 veteres
427 1341 538 1394 Graium
556 1341 632 1395 docti
650 1342 772 1396 cecinere
790 1345 888 1411 poetas

166 1493 277 1546 sedibus
294 1492 323 1546 in
340 1510 421 1546 curru
439 1493 544 1562 biiugos
562 1493 666 1560 agitare
684 1495 781 1559 leones,

165 1570 236 1623 noris
254 1570 282 1622 in
301 1570 389 1639 spatie
407 1587 532 1638 magnam
550 1570 670 1639 pendere
688 1570 818 1626 docentes

165 1645 291 1699 tellurem
310 1661 397 1714 neque
416 1662 495 1714 posse
514 1645 541 1699 in
561 1650 637 1700 terra
655 1646 752 1702 sistere
769 1650 878 1702 terram.

165 1722 312 1775 adimirere
332 1722 410 1790 feras,
429 1723 492 1792 quia
510 1723 631 1791 quamvis
650 1723 733 1780 effera
749 1723 839 1792 proies

166 1798 258 1852 officiis
277 1798 360 1852 debet
378 1799 475 1852 molliri
493 1800 565 1854 victa
582 1803 733 1868 parentum.

165 1875 315 1943 muralique
334 1880 417 1945 eaput
436 1892 569 1929 summum
587 1876 696 1930 cinxere
714 1893 819 1945 corona,

165 1951 270 2004 eximiis
288 1953 392 2006 munita
410 1954 477 2007 loeis
495 1955 559 2022 quia
576 1955 693 2008 sustinet
710 1953 806 2018 urbes;

165 2045 218 2096 quo
236 2045 306 2082 nune
323 2030 421 2098 insigni
438 2047 488 2101 per
506 2047 618 2100 magnas
634 2031 760 2100 praedita
777 2034 865 2083 terras
956 2029 957 2042 ¹

165 2104 290 2158 horrifico
308 2105 395 2159 fertur
413 2107 521 2160 divinae
539 2107 634 2161 matris
651 2108 747 2175 imago.

165 2180 234 2234 hane
252 2181 342 2234 variae
360 2187 456 2248 gentos
474 2182 586 2252 antiquo
603 2199 679 2236 moro
697 2199 833 2236 saororiun
980 2196 1017 2234 ero

167 2257 278 2310 Idaeam
297 2259 419 2312 vocitant
438 2263 554 2312 inatrem
574 2258 758 2326 Phrygiasque
776 2262 900 2312 catervas

166 2333 233 2386 dant
251 2334 373 2400 comites,
392 2336 454 2402 quia
472 2336 591 2404 primum
609 2351 643 2387 ex
660 2334 714 2387 illis
731 2334 830 2387 finibus
847 2333 932 2387 edunt
1023 2387 1029 2397 ,

165 2427 215 2479 per
233 2413 369 2464 terrarum
387 2410 480 2463 orbem
498 2412 592 2477 fruges
610 2410 730 2479 coepisse
747 2409 840 2464 creari.

166 2485 250 2552 gallos
270 2486 432 2554 attribuunt,
450 2486 520 2554 quia
540 2502 640 2539 numen
658 2487 704 2554 qui
724 2486 850 2540 violarint

167 2563 262 2616 matris
280 2566 310 2616 et
327 2563 427 2630 ingrati
444 2562 613 2631 genitoribus
630 2563 732 2617 inventi
750 2564 811 2628 sint,

166 2639 316 2706 significare
335 2639 428 2694 volunt
445 2641 569 2708 indignos
587 2655 646 2693 esse
664 2639 807 2708 putandos

167 2717 253 2770 vivam
272 2717 428 2786 progeniem
446 2717 538 2786 quiin
556 2733 616 2770 oras
634 2716 741 2769 luminis
759 2715 851 2770 edant.

166 2797 294 2862 tympana
312 2797 389 2847 tenta
406 2796 501 2847 tonant
519 2793 615 2864 palmis
633 2797 662 2846 ot
680 2792 803 2861 cymbala
820 2791 921 2847 circum

166 2886 290 2936 concava,
308 2871 502 2940 raucisonoque
520 2870 657 2922 minantur
674 2885 773 2923 cornua
791 2872 873 2922 cantu

166 2951 195 3000 et
214 2947 331 3015 Phrygio
350 2945 471 3000 stimulat
488 2961 599 2999 numero
618 2961 683 2999 aava
699 2944 768 2998 tibia
785 2943 891 3010 mentis,

166 3023 278 3092 telaque
296 3025 474 3094 praeportant
491 3021 603 3075 violenti
620 3021 697 3089 signa
713 3020 820 3086 furoris,

166 3098 287 3167 ingratos
304 3097 408 3151 animos
425 3101 507 3168 atque
524 3097 608 3168 impia
625 3101 737 3166 pectora
754 3096 826 3164 volgi

167 3178 322 3230 conterrere
340 3178 415 3228 metu
433 3190 503 3244 quae
519 3174 624 3244 possint
641 3173 750 3228 numini’
770 3172 855 3228 divae.

167 3267 232 3319 ergo
250 3267 311 3306 oum
329 3251 445 3322 primum
463 3267 573 3319 magnas
591 3251 697 3306 invecta
713 3266 764 3321 per
780 3247 856 3304 urbis
