2252 3530
105 34 125 105 ί

144 203 261 256 momine
280 203 320 256 uti
339 219 422 272 parvo
438 203 544 272 possint
561 204 667 272 inpulsa
684 204 793 257 moveri.

144 295 260 347 namque
278 284 403 332 movetur
421 295 492 347 aqua
509 282 539 332 et
557 279 665 334 tantillo
684 281 801 339 momine
819 280 901 334 flutat

143 354 425 434 qrrippeoevoiubiiibus
443 357 587 426 parvisque
604 360 696 410 creata
714 356 815 424 figuris.
960 370 996 410 leo

88 421 94 438 ’
162 425 180 498 ’,
191 436 285 484 contra
302 431 390 484 mollis
407 434 574 485 constantior
592 437 635 486 est
652 437 751 485 natura

84 521 128 572 ἡ,
139 505 159 558 ἵο
191 501 262 574 pagii
279 506 374 561 latices
392 508 478 575 magis
496 512 525 561 et
543 509 714 562 cunctantior
732 510 824 574 aetns3

88 573 139 668 ἠδ]
211 587 246 654 ὑὶ
259 583 331 636 enim
349 585 421 641 inter
439 601 469 637 sc
486 585 574 650 magis
592 584 679 638 omnis
697 583 822 638 materiai
879 617 893 698 Ζ
981 581 1024 684 ii.)

127 649 228 727 *eopia
247 660 373 712 nimirum
393 661 528 726 quianon
546 664 603 714 tarn
622 661 823 734 lom-bimextat

143 735 301 803 corporibus
319 752 406 804 neque
425 741 482 789 tam
501 735 646 804 suptilibus
664 741 747 805 atque
765 735 900 789 rutundis.
960 751 995 788 ros

143 827 259 879 namque
277 813 420 880 papaveris
438 829 504 865 aum
522 815 615 880 potest
633 829 764 881 suspensa
782 812 903 879 levisque

12 902 72 980 b
143 895 289 954 cogerent
307 888 341 940 ab
360 904 465 941 summo
484 888 535 941 tibi
553 888 658 941 diffluat
676 888 748 941 altus
766 903 886 941 acervus.

1 990 4 994 ·
74 908 174 1016 “tib
191 967 286 1017 eontra
303 964 425 1032 lapidum
443 963 597 1018 conlectum
614 964 673 1033 ipse
691 964 765 1017 euru‘
830 980 847 1016 v
975 969 985 992 ⁶
1029 995 1079 1047 Δ.

143 1053 231 1092 noenu
270 1044 349 1093 otest.
367 1041 452 1108 igitur
469 1041 629 1109 parvissima
647 1057 762 1109 corpora
779 979 1062 1168 Q

142 1130 158 1166 e
200 1115 324 1168 ovissima
341 1120 412 1183 sunt,
430 1116 470 1169 ita
488 1115 641 1169 mobilitate
659 1116 793 1168 fruuntur.
958 1130 971 1167 2

142 1193 172 1242 at
189 1194 285 1244 contra
302 1208 487 1259 qrraeeumque
504 1191 590 1258 magis
608 1208 669 1245 cum
687 1192 808 1260 pondere
825 1206 924 1259 magno

142 1282 292 1334 asperaque
310 1267 492 1333 inveniuntur,
510 1283 542 1319 co
561 1267 683 1319 stabilita
701 1267 786 1334 magis
805 1270 875 1320 sunt.

142 1357 214 1394 nuuc
230 1342 315 1408 igitur
333 1342 460 1408 quoniam
478 1347 516 1395 cst
534 1341 618 1394 animi
636 1345 735 1395 natura
752 1346 862 1410 reperta

143 1417 250 1470 mobilis
268 1419 385 1486 egregie,
403 1433 535 1486 perquam
553 1420 679 1470 constare
696 1421 835 1472 necessest

96 1525 102 1534 .
142 1492 302 1562 corporibus
320 1493 412 1562 parvis
430 1497 459 1546 ct
476 1492 580 1546 levibus
597 1497 680 1562 atque
697 1493 831 1546 rutundis.
958 1507 994 1548 me

143 1586 213 1636 quae
231 1568 283 1622 tibi
302 1569 472 1644 cognitores
490 1569 518 1642 in
536 1568 636 1646 multis,
655 1585 672 1621 o
689 1567 767 1642 bouq,
785 1567 867 1623 rebus

143 1645 218 1698 utilis
236 1645 389 1697 invenietur
407 1648 436 1698 et
455 1649 608 1713 opportuna
625 1643 735 1697 eiuebit.
843 1632 860 1657 '¹

144 1720 211 1773 hacc
228 1737 335 1789 quoque
354 1737 398 1773 ros
416 1721 498 1774 ctiam
516 1724 644 1772 naturam
662 1720 772 1774 dedicat
789 1720 856 1789 eius,

142 1813 223 1864 quain
242 1797 318 1850 tenui
336 1801 444 1850 constet
462 1801 574 1850 textura
590 1811 727 1864 quamque
744 1797 803 1850 ioco
822 1814 851 1851 so

142 1873 280 1926 continent
298 1889 388 1941 parvo,
407 1874 429 1925 si
448 1873 534 1941 possit
553 1872 758 1940 cmrglmnerari,
958 1888 995 1930 nro

141 1948 215 2017 quod
233 1949 414 2017 simulatque
432 1949 569 2002 bominem
587 1948 636 2001 leti
655 1965 750 2002 secura
767 1949 845 2016 quies
863 1953 906 2003 cst

143 2024 255 2092 indepta
272 2028 355 2093 atque
373 2025 455 2078 animi
473 2029 572 2078 natura
589 2025 750 2092 animaeque
767 2026 889 2093 recessit,

143 2100 180 2153 nil
199 2100 237 2153 ibi
255 2100 369 2154 libatum
388 2100 423 2154 dc
441 2105 500 2155 toto
519 2117 632 2169 corpere
650 2117 744 2154 cernas

142 2176 184 2238 ad
261 2178 268 2230 i
287 2193 321 2245 rn,
339 2177 377 2229 nil
396 2178 433 2229 od
451 2178 571 2245 pondus:
590 2193 663 2230 mors
681 2177 771 2229 omnia
788 2181 912 2242 praestat

143 2253 200 2304 vita
212 2266 243 2305 cn
281 2257 382 2306 .·aeter
400 2269 508 2305 sensum
527 2253 698 2328 calipignnqno
716 2269 851 2321 volumem.
959 2268 994 2310 me

143 2344 209 2395 crgo
227 2327 344 2380 animam
363 2331 451 2380 totam
468 2319 687 2395 perparvis'essc
705 2335 842 2381 necessest

143 2403 298 2472 seminibus,
316 2421 414 2457 nexam
432 2420 484 2473 per
500 2420 582 2456 renas
600 2404 704 2456 uiscera
721 2421 832 2468 nervom

142 2484 286 2548 quatenus,
304 2480 391 2532 omnis
408 2480 454 2532 ubi
474 2497 489 2533 e
507 2484 567 2533 toto
586 2478 638 2532 iam
657 2496 770 2547 corporo
788 2482 879 2548 cessit,

138 2556 246 2627 ‘extima
264 2555 447 2608 membrorum
466 2556 681 2609 circumcaesura
698 2560 789 2609 tarrren
808 2574 837 2610 sc

143 2631 304 2685 incolumem
322 2635 445 2700 praestat
462 2649 512 2686 nec
530 2631 600 2685 defit
617 2632 746 2700 ponderis
764 2631 856 2685 hilum.
959 2650 996 2688 nno

143 2708 218 2796 ‘Q
232 2724 321 2784 genus
339 2712 382 2760 est
400 2708 500 2761 Bacchi
520 2725 580 2761 enm
599 2708 648 2760 flos
666 2685 847 2761 eranum
859 2725 920 2761 curn

124 2785 257 2854 -'spir1tus
274 2800 382 2850 unguen
398 2783 407 2836 i
425 2784 515 2837 suavis
533 2785 641 2852 diffugit
659 2784 686 2836 in
704 2800 785 2836 auras

159 2864 191 2914 ut
208 2860 299 2929 aliquo
317 2860 449 2913 cumiani
468 2877 547 2913 sucus
564 2859 600 2913 de
618 2876 730 2928 corpore
748 2860 844 2925 cessit;

151 2931 282 3008 simplis
300 2938 393 2989 tamen
411 2952 470 2990 esse
487 2936 576 2989 minor
593 2952 638 2990 res
656 2937 716 3005 ipsa
733 2937 843 2990 videtur

141 2995 394 3082 psopter'essneque
412 3012 567 3066 detractum
585 3011 621 3064 de
638 3011 759 3100 erre
777 3014 929 3082 quicquam,
959 3027 995 3067 22⁵

142 3070 268 3162 niriu‘pffln
287 3089 351 3157 quia
367 3088 454 3142 multa
470 3089 630 3158 minutaque
648 3087 752 3142 semina
769 3107 846 3144 sucos

143 3163 263 3218 efficiunt
280 3169 309 3218 ot
327 3165 437 3218 odorem
457 3165 483 3217 in
503 3169 562 3218 toto
580 3181 693 3233 corporo
710 3166 757 3218 rei.
