2234 3526
533 151 603 207 1111
933 159 988 215 115

140 256 223 322 inque
241 254 300 308 dies
318 255 407 322 gliscit
425 256 500 308 furer
518 260 602 323 atque
620 275 748 312 aerumna
765 262 907 326 gravescit,

140 331 163 383 si
182 347 234 383 nen
252 331 340 400 prinra
357 332 434 383 nevis
451 331 595 386 conturbes
617 333 724 388 volnera
741 335 827 403 plagis
943 353 990 394 107⁰

140 407 336 478 volgivagaque
354 425 438 475 vagus
460 408 567 462 Venere
585 414 647 466 ante
671 411 787 465 recentia
807 428 886 465 cures

139 490 187 539 aut
205 486 257 538 alie
275 486 362 553 pessis
380 484 462 538 animi
481 485 626 538 traducere
644 491 741 540 metus.

174 563 233 616 Nec
252 563 369 615 Veneris
386 561 478 614 fructu
497 565 573 614 caret
591 562 613 614 is
632 562 679 630 qui
697 563 768 618 vitat
785 581 913 634 amorem,

140 639 189 693 sed
207 641 299 709 potius
317 656 387 708 quac
405 642 469 691 suut
488 639 546 690 sinc
564 655 652 707 paena
669 640 811 693 commoda
829 643 919 697 sumit.

140 732 203 768 nam
221 720 295 769 certe
312 719 409 784 purast
427 715 498 768 sanis
516 714 603 781 magis
621 714 686 768 inde
704 716 827 784 voluptas
940 735 987 776 1075

77 839 78 844 ,
109 784 117 800 “
140 809 222 860 quam
240 791 352 844 miseris.
371 791 471 844 etenim
489 790 615 860 potiundi
634 794 758 860 ternpore
776 793 804 845 in
821 793 881 862 ipse

140 869 254 922 fluctuat
272 868 383 921 incertis
402 867 540 920 erroribus
559 866 641 920 ardor
659 872 797 922 arnantunr

140 961 189 998 nec
207 948 314 998 constat
333 943 400 1013 quid
417 944 535 1012 primum
554 943 637 997 oculis
655 943 832 1014 manibusque
850 946 982 1001 fruantur.

140 1021 213 1088 quad
231 1021 344 1089 petiere,
362 1024 491 1089 prcnmut
508 1023 568 1073 arte
587 1019 744 1087 irreiuntquc
763 1021 883 1074 delerem

139 1098 259 1166 corporis
277 1100 306 1150 et
322 1097 419 1150 dentes
437 1096 555 1148 inlidunt
574 1113 656 1168 saepe
673 1096 778 1148 labellis
940 1114 989 1152 rose

139 1174 283 1242 osculaque
301 1173 440 1240 adfligunt,
460 1173 524 1240 quia
540 1189 593 1225 non
612 1179 655 1224 est
672 1189 742 1241 pura
759 1175 885 1243 voluptas

139 1254 168 1303 et
186 1250 289 1302 stimuli
307 1248 422 1302 subsunt
440 1249 487 1317 qui
504 1249 637 1315 instigant
656 1249 765 1302 laedere
782 1250 811 1302 id
829 1251 919 1319 ipsum

138 1325 327 1394 quodcumque
346 1329 396 1389 est,
414 1325 503 1378 rabies
521 1325 594 1376 uude
612 1325 689 1378 illaec
707 1326 830 1392 germina
848 1334 970 1395 surgunt.

139 1402 189 1455 scd
206 1403 303 1455 leviter·
320 1417 421 1469 poenas
439 1401 540 1466 frangit
558 1400 653 1452 Venus
670 1400 742 1454 inter
760 1417 879 1454 amorem

138 1477 292 1546 blandaque
310 1478 431 1532 refrenat
449 1493 554 1529 morsus
572 1474 695 1529 admixta
712 1477 846 1546 voluptas.
941 1494 988 1533 1025

138 1571 256 1623 namque
274 1553 302 1606 in
320 1570 353 1607 ee
372 1570 434 1622 spes
452 1556 502 1618 cst,
518 1551 592 1606 unde
610 1555 654 1606 est
672 1553 778 1606 ardoris
796 1554 879 1622 erige,

139 1631 271 1699 restingui
290 1646 398 1699 queque
415 1645 496 1699 posse
514 1629 549 1682 ab
567 1628 665 1682 eodem
682 1645 796 1698 corpore
814 1629 959 1684 llammam.

138 1707 212 1775 quod
229 1706 289 1760 fieri
307 1709 402 1760 eontra
419 1709 509 1760 tetum
527 1708 624 1758 natura
643 1709 792 1774 repugnat3

138 1800 246 1850 unaque
256 1799 299 1836 res
309 1782 376 1835 haec
386 1785 437 1847 est,
447 1781 524 1835 cuius
533 1798 618 1848 quom
627 1798 708 1849 quam
718 1781 834 1849 plurima
843 1781 982 1850 habemus,

138 1864 197 1912 tum
216 1859 302 1926 magis
321 1857 440 1911 ardescit
458 1857 519 1910 dira
536 1857 690 1926 cuppedine
708 1861 809 1924 pectus.
939 1873 986 1912 1090

138 1953 199 1989 nam
218 1935 294 1989 cibus
311 1937 395 2003 atque
413 1951 491 1988 umor
508 1933 639 1986 membris
657 1933 810 1986 adsumitur
828 1933 917 2000 intus;

138 2029 208 2080 quae
226 2011 354 2079 quoniam
372 2014 462 2065 certas
480 2013 595 2077 pessunt
612 2009 739 2063 obsidere
756 2011 851 2079 partis,

139 2089 188 2142 hec
207 2088 285 2142 facile
303 2087 430 2156 expletur
447 2087 558 2140 laticum
576 2086 740 2155 frugumque
758 2086 865 2154 cupide.

139 2182 172 2218 ex
190 2164 306 2217 hominis
324 2180 387 2216 vcro
406 2163 475 2216 facie
493 2162 660 2230 pulchreque
678 2161 768 2216 colore

138 2241 174 2294 nil
194 2240 275 2294 datur
293 2240 320 2292 in
339 2256 437 2307 carpus
454 2240 566 2306 praeter
585 2237 728 2291 simulacra
747 2238 892 2292 fruendum
939 2256 987 2294 naa

138 2317 243 2382 tenvia3
262 2333 332 2385 quae
350 2319 431 2369 vento
449 2331 512 2383 spes
530 2317 636 2383 raptast
655 2329 737 2382 saepe
755 2314 867 2368 misella.

66 2455 70 2460 ⁵
139 2398 169 2447 ut
187 2392 281 2446 bibere
299 2392 326 2444 in
345 2391 444 2443 smnnis
463 2389 557 2442 sitiens
576 2405 658 2456 quem
677 2389 785 2456 quaerit
802 2394 831 2443 et
848 2408 927 2444 umor

137 2487 191 2524 non
211 2469 299 2534 datur,
319 2466 444 2520 ardorem
463 2465 509 2533 qui
529 2464 658 2518 membris
677 2465 816 2532 stinguere
833 2468 927 2534 possit,

138 2545 188 2599 sed
205 2545 315 2598 laticum
334 2543 477 2595 simulacra
494 2542 565 2609 petit
582 2541 738 2608 frustraque
756 2540 861 2595 laborat

135 2623 164 2676 in
182 2621 326 2688 medieque
345 2619 403 2672 sitit
421 2617 536 2671 terrenti
556 2616 667 2669 {lumine
686 2619 790 2684 potam,
938 2635 985 2674 nee

137 2700 175 2753 sic
193 2699 221 2750 in
240 2714 331 2750 arnore
351 2696 375 2747 V
378 2711 444 2749 enus
463 2693 613 2747 siumlacris
631 2692 702 2745 ludit
720 2694 837 2746 armantis

137 2791 187 2828 nee
206 2774 306 2827 satiare
325 2776 429 2840 queunt
448 2770 596 2839 spectanda
614 2786 727 2837 corpora
745 2786 835 2822 eoram

137 2867 187 2904 nec
205 2849 329 2903 manibus
348 2848 498 2915 quiequam.
512 2847 613 2899 terreris
632 2845 765 2898 abradere
782 2846 912 2900 membris

137 2929 253 2996 possmrt
271 2931 394 2977 errantes
413 2923 510 2976 incerti
528 2939 639 2988 corpere
658 2925 723 2975 tato.

139 3003 255 3070 denique
273 3017 334 3054 cum
353 2998 483 3052 membris
501 2998 615 3052 conlatis
634 2998 700 3050 ssnre
718 2997 848 3052 fruuntur
939 3013 987 3052 1105

138 3080 244 3143 aetatis,
262 3078 316 3130 iam
335 3092 396 3130 eum
415 3077 553 3144 praesagit
570 3075 671 3144 gaudia
689 3092 786 3143 corpus

138 3159 222 3223 atque
239 3155 267 3206 in
285 3156 345 3206 eost
364 3151 458 3204 Venus
476 3153 507 3204 ut
524 3152 666 3204 muliebria
684 3156 808 3204 conserat
827 3167 898 3219 arra,

139 3230 264 3297 adfigunt
282 3227 360 3282 avide
379 3243 477 3296 cerpus
495 3227 664 3296 iunguntque
682 3227 780 3281 salivas
