2252 3530
107 265 140 296 on
152 251 276 302 naturam
294 251 323 300 et
341 263 430 299 mores
447 246 570 314 gnerati

152 327 230 378 tanta
247 328 290 378 est
308 325 334 375 in
353 322 447 390 quovis
464 339 565 390 genere
582 323 684 376 herbae
701 322 824 376 materiai

154 399 292 452 dissimilis
311 399 389 466 ratic,
408 403 485 452 tanta
503 403 545 452 ost
563 399 591 452 in
610 399 719 452 flumine
737 414 852 467 quoque.

153 476 214 529 hinc
233 492 313 544 porro
332 475 453 542 quamvis
470 475 637 527 animantem
655 491 688 528 ex
707 473 832 527 omnibus
849 489 930 526 unam

151 569 212 606 ossa
230 569 310 606 cruor
328 567 411 604 venae
429 550 502 603 calor
519 567 597 603 umor
615 551 718 604 viscera
735 549 811 603 nervi
968 564 1003 604 oro

105 649 138 680 no
151 629 334 692 constituunt;
352 644 422 696 quae
440 630 504 680 sunt
521 643 602 696 porro
622 626 751 679 distantia
770 625 856 693 longe,

151 705 274 758 dissimili
294 703 416 774 perlecta
434 703 521 772 figura
539 703 738 771 principiorum.

151 787 209 834 tum
227 797 308 850 porro
326 795 512 848 quaecumque
530 779 587 845 igni
605 778 741 830 flammata
759 779 922 844 cremantur,

151 856 174 910 si
191 857 228 910 nil
247 860 396 925 praeterea,
416 860 507 910 tamen
526 855 592 908 llaec
610 853 637 906 in
656 869 768 922 corporo
786 852 907 906 condunt

150 933 222 986 undo
240 934 329 1000 ignem
348 932 436 986 iacere
455 931 591 986 etlumen
611 931 782 984 summittere
799 928 905 997 possint
968 943 1004 982 ors

104 1005 136 1058 rai
150 1009 334 1077 scintillasque
352 1026 434 1076 agere
453 1025 483 1062 ae
502 1008 557 1061 lata
576 1007 685 1060 differre
703 1004 829 1058 favillam.

150 1088 243 1138 cetera
261 1085 392 1138 consimili
410 1085 511 1138 mentis
529 1085 634 1136 rationo
652 1097 799 1150 peragrans

151 1161 269 1215 invenies
288 1161 370 1228 igitur
388 1161 536 1213 multarum
555 1160 657 1212 semina
676 1174 767 1210 rerum

103 1261 111 1277 ·
151 1254 263 1306 corpore
282 1237 369 1290 celare
388 1242 417 1290 et
435 1238 522 1290 varias
540 1236 666 1289 cohibere
685 1235 792 1302 figuras.

151 1313 267 1381 deniquo
280 1313 365 1365 multa
378 1313 453 1365 vides
466 1311 563 1379 quibus
576 1316 604 1364 et
617 1311 689 1364 color
702 1313 730 1362 et
743 1325 822 1378 sapor
834 1325 888 1360 una
966 1324 1003 1362 oso

102 1409 133 1440 cn
151 1389 260 1443 reddita
277 1394 340 1442 sunt
358 1405 419 1442 cum
437 1389 528 1442 odore.
545 1387 572 1440 iu
591 1387 673 1456 priris
691 1386 820 1454 ploraque
838 1385 909 1437 (lona

150 1460 418 1532 llaec''igitiir,s!u·iis
436 1465 539 1518 debent
558 1467 682 1517 constare
700 1461 810 1528 figuris;

150 1541 230 1595 nidor
248 1541 320 1594 enim
339 1544 467 1612 penetrat
485 1557 539 1608 qua
557 1539 634 1592 fucus
652 1538 746 1625 ¹¹⁰9.ss
760 1537 790 1612 jn
809 1541 893 1620 artus,
1002 1503 1077 1638 ἢ*
1095 1567 1122 1620 3

150 1617 228 1671 lucus
245 1618 311 1672 item
331 1633 447 1684 sorsum,·
462 1633 573 1670 sorsum
591 1633 672 1684 sapor
690 1597 852 1666 insinuatur*
1080 1679 1082 1684 ,

109 1721 112 1726 ·
151 1694 288 1758 sensibus;
307 1698 339 1747 ut
356 1710 451 1746 noscas
468 1693 552 1762 privis
571 1691 679 1744 differre
698 1689 798 1757 liguris.
970 1701 1005 1738 oss
1057 1682 1089 1690 ''

151 1770 295 1824 dissimiles
314 1770 397 1838 igitur
415 1769 518 1822 formae
536 1768 719 1836 glomeramen
737 1767 765 1818 in
783 1781 867 1816 unum

151 1847 313 1900 conveniunt
332 1850 361 1900 et
379 1863 423 1898 res
441 1845 578 1914 permixto
598 1844 698 1896 semine
717 1844 848 1895 constant.

150 1924 215 1990 quin
233 1923 315 1976 etiam
333 1921 434 1992 passim
452 1921 552 1974 nostris
570 1921 597 1974 in
615 1919 737 1972 versibus
755 1917 820 1986 ipsis

150 1999 236 2052 nmlta
254 1999 388 2052 elementa
406 1997 482 2050 vides
500 1997 594 2050 multis
613 1995 765 2049 communia
783 1993 881 2058 verbis,

151 2092 211 2128 oum
229 2079 321 2128 tamen
339 2074 412 2128 inter
430 2091 459 2127 se
477 2089 571 2126 versus
589 2090 621 2126 ac
639 2071 722 2124 verba
739 2085 850 2124 necesse
867 2071 910 2122 est
969 2083 1006 2120 mo

127 2207 131 2214 ,
151 2151 297 2204 confiteare
315 2151 368 2204 alia
386 2167 420 2204 ex
438 2149 497 2202 aliis
515 2153 638 2202 constare
659 2145 815 2210 elementis;

151 2242 203 2278 non
221 2244 274 2294 quo
292 2227 379 2280 multa
396 2242 492 2294 parum
511 2224 660 2278 eommunis
678 2223 773 2276 littera
790 2226 883 2276 currat

152 2305 199 2355 aut
217 2303 291 2355 nulla
309 2302 381 2355 inter
399 2301 500 2354 se‘duo
519 2301 573 2354 sint
592 2317 625 2352 ex
644 2299 769 2352 omnibus
788 2299 883 2364 isdem,

152 2378 201 2431 sed
219 2379 282 2445 quia
300 2394 353 2430 non
371 2376 449 2442 volgo
467 2376 544 2444 paria
562 2375 684 2428 omnibus
703 2373 792 2426 onmia
810 2377 941 2428 constent.

153 2451 191 2506 sic
210 2453 267 2505 aliis
284 2453 312 2505 in
331 2453 412 2505 rebus
429 2453 496 2506 item
515 2451 667 2505 communia
685 2450 771 2502 multa
970 2465 1006 2503 aas

152 2528 299 2582 multarum
317 2545 408 2581 rerrmr
427 2544 488 2581 cum
506 2527 561 2580 sint
578 2527 733 2595 primordia,
751 2542 845 2578 verum

153 2604 277 2657 dissimili
296 2607 388 2657 tamen
407 2605 479 2658 inter
496 2621 525 2656 se
544 2603 692 2657 consistere
711 2619 816 2656 summa

153 2684 282 2748 possunt3
300 2685 332 2734 ut
350 2681 447 2733 merito
466 2698 499 2733 ex
518 2679 576 2732 aliis
595 2684 718 2734 constare
736 2680 840 2732 feratur

153 2756 298 2809 humanum
317 2774 402 2824 genus
421 2761 449 2810 ct
465 2758 561 2823 fruges
580 2755 745 2824 arbustaque
763 2755 841 2808 laeta.

188 2833 213 2884 N
216 2849 246 2885 ec
255 2837 347 2896 tamen
360 2833 520 2886 omnimodis
533 2834 637 2885 conecti
649 2850 729 2901 posse
740 2831 893 2902 putandum
905 2835 948 2886 est
971 2847 1006 2886 too

154 2909 251 2962 omnia.
269 2925 332 2962 nam
350 2909 428 2977 volgo
447 2909 506 2962 fieri
524 2911 652 2977 portenta
670 2909 785 2974 videres,

74 3052 77 3056 .
153 2985 295 3039 semiferas
313 2986 451 3038 hominum
470 2985 574 3054 species
593 2985 711 3038 existere
729 2989 758 3038 et
776 2985 846 3038 altos

153 3062 290 3116 interdum
308 3079 398 3116 ramos
416 3062 506 3130 egigni
524 3077 638 3130 corpore
656 3061 722 3126 vivo,
874 3099 885 3112 ι,
938 3115 963 3124 ..

153 3138 294 3206 multaque
312 3137 418 3192 conecti
437 3137 579 3191 terrestria
597 3135 719 3190 membra
737 3136 855 3202 marinis,
1042 3107 1107 3184 Α

154 3217 213 3268 tum
231 3214 366 3268 flanmram
384 3218 474 3268 taetro
493 3215 620 3283 spirantis
638 3229 685 3266 ore
704 3212 859 3266 Chimaeras
971 3227 1006 3266 ros
1080 3227 1096 3262 c

1004 3256 1094 3375 „a

970 3411 988 3434 q
