2234 3526
513 79 561 136 VI

79 181 83 294 ΙΙ
110 188 206 242 autin
224 203 333 257 aquam,
350 187 373 241 si
391 187 464 240 forte
481 186 557 241 lacus
575 187 697 242 substrat
685 192 730 243 tus
748 189 883 244 Aramisl.

79 265 136 318 is
153 263 230 317 locus
247 266 292 318 est
309 264 408 318 Cumas
425 268 500 331 aput,
518 263 573 316 acri
592 263 701 332 sulpure
719 269 825 320 montes

111 339 218 410 oppleti
235 339 330 393 calidis
347 339 395 392 ubi
412 338 519 392 fumant
535 339 595 392 font
596 338 657 392 ibus
673 341 761 406 aucti;

112 422 156 472 est
175 420 204 471 ct
222 415 398 470 Athenaeis
390 433 418 468 ιιι
436 415 585 482 moenibus,
602 415 671 469 arcis
688 416 717 469 in
734 417 793 485 ipso

76 483 79 494 ’
112 493 224 558 vertice,
243 492 364 546 Palladis
381 492 418 545 ad
434 492 568 562 templum
586 491 733 546 Tritonidis
751 493 845 560 almae,
927 509 962 548 rac

113 585 169 639 quo
186 585 334 638 numquam
352 569 448 639 pennis
467 569 608 638 appellunt
625 585 738 637 corpora
754 586 853 624 raucae

112 645 242 712 cornices,
259 661 313 698 non
331 662 392 698 cum
410 645 516 699 sumant
534 644 631 698 altaria
648 645 734 699 donis.

111 738 198 789 usque
215 721 285 774 adeo
301 721 419 789 fugitant
436 737 489 774 non
508 721 562 774 iras
581 720 699 775 Palladis
717 721 786 776 acris

111 797 237 866 pervigili
254 814 342 866 causa,
361 797 473 852 Graium
490 801 522 852 ut
540 798 662 852 cecinere
679 803 783 868 poetae,

111 873 163 928 sed
179 878 277 928 natura
294 874 345 927 loci
362 890 414 942 opo
431 873 528 928 sufficit
544 874 605 944 ipsa
621 879 725 944 suapte.
867 887 870 894 ·
925 888 961 930 rao

110 950 140 1005 in
158 950 234 1019 Syria
251 967 359 1020 quoque
377 950 464 1003 fertur
481 950 548 1004 item
566 951 641 1004 locus
658 968 718 1005 esse
736 951 830 1017 videri,

111 1027 295 1097 quadripedes
313 1043 422 1096 quoque
440 1044 493 1095 quo
511 1027 590 1080 simul
608 1045 640 1082 ac
657 1028 771 1096 vestigia
788 1029 906 1096 primum

111 1103 262 1170 intulerint,
278 1102 400 1171 graviter
417 1102 459 1156 vis
476 1107 555 1171 cogat
574 1104 715 1158 concidero
733 1105 799 1174 ipsa,

113 1179 236 1233 ruanibus
253 1183 285 1234 ut
303 1180 326 1232 si
343 1180 399 1233 sint
418 1179 486 1233 divis
503 1183 622 1234 mactata
641 1186 761 1250 repente.

111 1256 202 1311 omnia
219 1273 289 1326 quae
305 1256 424 1310 naturali
441 1257 546 1310 ratione
563 1260 703 1324 gematur,
923 1271 961 1313 roo
1020 1269 1024 1276 '

112 1337 141 1387 et
159 1332 258 1402 quibus
276 1333 369 1387 offiant
386 1333 473 1386 causis
490 1337 605 1403 apparet
623 1333 713 1400 origo;

112 1409 193 1462 ianua
209 1425 245 1462 nc
262 1409 333 1462 sorte
351 1409 393 1462 his
412 1408 475 1462 Orci
492 1409 648 1477 regionibus
666 1426 725 1463 essa

112 1485 248 1552 credatur,
265 1490 329 1556 post
346 1485 409 1538 hinc
426 1485 529 1539 animas
547 1485 714 1539 Acheruntis
731 1486 759 1538 in
777 1501 839 1540 oras

112 1561 211 1616 ducere
228 1561 301 1615 forte
319 1562 385 1616 deos
402 1561 490 1614 mauis
507 1561 612 1616 inferno
629 1578 745 1630 reamur,

111 1638 221 1692 naribus
239 1638 359 1708 alipedes
376 1641 409 1691 ut
427 1638 499 1691 cervi
518 1655 599 1708 saepe
618 1641 751 1709 putantur
922 1651 958 1694 raa

112 1715 212 1769 ducere
230 1714 265 1768 do
282 1714 395 1768 latebris
413 1715 551 1784 serpentia
568 1716 656 1769 saecla
672 1715 799 1769 ferarum.

111 1790 185 1860 quod
202 1791 297 1861 procul
314 1807 331 1844 a
348 1807 412 1844 vera
429 1807 511 1860 quam
529 1792 565 1845 sit
583 1793 687 1846 ratione
704 1792 843 1861 repulsum

110 1867 237 1938 percipe;
255 1883 317 1921 uam
335 1866 370 1920 de
388 1883 418 1921 re
436 1884 506 1922 nunc
523 1869 583 1938 ipsa
600 1869 691 1924 dicere
709 1885 798 1923 conor.

146 1943 282 2014 Principio
300 1943 351 1997 hoc
369 1943 436 2010 dico,
454 1945 529 2013 quod
546 1945 604 2000 dixi
622 1963 704 2016 saepe
722 1963 828 2016 quoque
845 1949 917 2016 ante,

109 2021 138 2074 in
156 2024 232 2074 terra
248 2019 378 2088 cuiusque
395 2020 468 2075 modi
486 2039 577 2076 rerum
595 2040 655 2078 esse
672 2024 787 2092 figuras;
923 2037 959 2080 πο

109 2097 204 2163 multa,
223 2096 282 2150 cibo
300 2113 370 2166 quae
388 2101 458 2164 sunt,
476 2098 576 2166 vitalia,
594 2101 742 2168 multaque,
760 2099 869 2153 morbos

108 2175 233 2228 incutere
251 2175 280 2227 et
298 2176 414 2227 mortem
432 2190 503 2242 quae
520 2176 626 2243 possint
644 2175 807 2228 adcelerare.

109 2254 139 2305 ot
156 2250 243 2318 magis
261 2265 320 2303 esse
338 2248 398 2302 aliis
415 2249 481 2302 alias
498 2249 680 2303 animantibus
698 2255 776 2318 aptas

109 2343 155 2380 res
172 2325 209 2378 ad
225 2325 291 2379 vitai
308 2324 442 2378 rationem
459 2324 627 2378 ostendimus
645 2328 709 2378 anto

109 2405 224 2473 propter
241 2401 398 2455 dissimilem
415 2402 540 2454 naturam
558 2399 750 2470 dissimilisque
921 2413 957 2457 art
1048 2461 1049 2466 ἵ

109 2483 236 2533 texturas
252 2477 325 2531 inter
342 2493 403 2531 sese
419 2478 575 2546 primasque
592 2476 700 2545 figuras.

109 2555 198 2608 multa
215 2557 307 2608 meant
323 2553 431 2608 inimica
447 2569 497 2623 per
514 2553 594 2622 auris,
612 2554 698 2607 multa
715 2570 765 2622 per
780 2554 853 2624 ipsas

109 2630 249 2685 insinuant
264 2629 339 2684 naris
354 2629 454 2683 infesta
471 2632 554 2697 atque
571 2647 668 2699 aspera
685 2625 790 2699 adactu,

109 2724 162 2762 nco
179 2710 243 2760 sunt
260 2706 346 2760 multa
363 2721 459 2775 pamm
476 2709 553 2759 tactu
570 2707 683 2760 vitanda
699 2723 788 2775 neque
805 2708 898 2759 autem
1043 2759 1045 2768 Α

111 2788 223 2856 aspectu
241 2780 372 2852 fugienda
389 2799 540 2852 saporeque
558 2783 649 2837 tristia
666 2800 736 2852 quae
753 2783 816 2837 sint.
919 2796 957 2837 rao
1041 2815 1044 2852 ι

146 2860 254 2915 Deinde
271 2859 364 2912 videre
381 2857 445 2912 licet
463 2876 545 2927 quam
562 2860 664 2914 multae
682 2860 736 2914 sint
753 2858 856 2912 homini
873 2876 917 2914 res

111 2937 212 2992 acriter
229 2936 329 2990 infesto
347 2946 429 2987 sensu
446 2952 614 3006 spurcaeque
630 2953 796 3006 gravesque;

111 3012 255 3067 arboribus
270 3011 390 3081 primum
408 3013 490 3066 certis
506 3013 598 3081 graiis
615 3013 712 3067 umbra
728 3013 833 3067 tributa

111 3105 200 3160 usqua
217 3089 294 3156 adeo,
311 3087 409 3158 capitis
426 3088 528 3143 iaciant
544 3093 577 3144 ut
595 3106 675 3160 saepo
693 3089 808 3158 dolores,

112 3166 199 3236 siquis
216 3182 263 3220 eas
280 3171 377 3233 supter
392 3164 476 3219 iacuit
489 3170 647 3234 ¹prostratus
663 3165 692 3220 in
709 3165 807 3221 herbis.
920 3182 957 3224 res
1037 3189 1038 3247 ι

112 3239 141 3286 μ

1006 3315 1036 3388 A

57 3450 189 3487 Q.
