2234 3526
546 149 596 207 VI
938 159 994 220 189

142 252 253 306 volvere
270 250 298 304 in
316 269 364 307 ore
381 253 464 307 licere
482 255 512 306 et
529 252 596 306 caeli
614 253 718 321 templa
735 256 813 319 tueri,

142 327 194 380 hoc
211 327 270 381 aliis
288 330 349 382 erat
366 328 451 382 exitio
469 328 610 396 letumque
628 328 753 397 parabat.

90 417 134 452 rm
140 403 210 458 illud
227 405 255 457 in
272 403 314 458 lris
331 404 413 458 rebus
430 403 614 458 miserandum
631 421 795 474 magnopere
812 425 894 464 unum

141 480 326 536 aerumnabile
343 483 411 546 erat,
429 479 504 548 quod
521 478 568 533 ubi
585 496 615 533 sc
633 480 749 548 quisque
766 482 877 540 videbat
945 501 994 552 raa)

140 557 303 627 implicitum
322 555 424 624 morbo,
441 556 524 610 morti
541 556 686 610 damnatus
703 562 737 612 ut
755 563 836 626 esset,

141 635 272 689 delicians
289 635 379 688 animo
397 637 502 688 maesto
519 651 581 688 cum
598 633 681 688 corde
698 634 812 704 iacebat,

139 711 236 765 lunera
254 715 412 780 respectans
428 711 547 764 animam
565 709 712 764 amittebat
729 710 840 766 ibidem.

91 809 133 845 ue
176 787 339 841 Incomitata
356 786 415 855 rupi
432 786 574 841 certabant
590 787 686 840 limera
702 790 794 851 vasta;

90 891 133 924 m
140 863 242 933 quippe
260 864 361 917 etenim
379 863 454 916 nullo
471 863 616 918 cessabant
632 866 757 932 tempore
774 864 858 934 apisci
943 883 991 922 nas

140 957 175 994 ex
193 939 253 993 aliis
271 939 338 994 alios
355 938 427 994 avidi
444 941 571 1008 contagia
587 940 683 1008 morbi,

90 1017 274 1084 molanigcras
292 1020 431 1088 tamquam
448 1015 567 1086 pecudes
585 1019 615 1071 et
631 1011 733 1072 bucera
749 1019 844 1074 saecla.

90 1113 133 1146 mu
140 1091 224 1162 idque
241 1093 285 1147 vel
301 1094 329 1146 in
347 1093 443 1162 primis
459 1093 616 1148 cumulabat
632 1093 729 1148 fumare
745 1095 832 1150 funus.

140 1186 203 1223 nam
222 1169 387 1238 quicumque
405 1185 468 1223 suos
486 1168 643 1237 fugitabant
660 1170 747 1224 visere
764 1171 801 1225 ad
818 1189 921 1240 aegros,
942 1231 944 1235 ⁸

140 1246 205 1300 vitai
223 1246 334 1300 nimium
352 1246 465 1315 cupidos
482 1246 631 1315 mortisque
648 1246 770 1301 timentis
943 1265 990 1304 1240

90 1333 133 1366 ¹¹⁴⁰
139 1323 270 1393 poenibat
288 1323 369 1394 paulo
387 1326 451 1392 post
467 1323 541 1390 turpi
558 1326 648 1376 morte
665 1322 798 1392 malaque,

140 1401 272 1468 desertos,
290 1400 350 1469 opis
368 1399 496 1469 expertis,
514 1398 617 1452 incuria
634 1402 763 1453 mactans.

139 1476 187 1546 qui
205 1477 313 1530 fuerant
330 1479 423 1529 autem
441 1478 557 1543 praesto,
576 1474 734 1543 contagibus
751 1474 827 1529 ibant

139 1554 225 1620 atque
243 1553 343 1619 labore,
361 1551 450 1620 pudor
468 1567 548 1619 quem
567 1553 626 1604 tum
644 1550 760 1620 cogebat
777 1550 853 1606 obirc

139 1627 293 1696 blandaque
310 1627 442 1680 lassorum
459 1642 512 1680 vox
529 1627 616 1680 mixta
633 1643 698 1680 voce
715 1626 859 1695 querellae.
941 1645 988 1686 mss
1095 1688 1097 1692 ,

89 1720 132 1754 rm
139 1704 260 1776 optimus
277 1703 328 1756 hoc
345 1702 395 1757 leti
412 1719 499 1771 genus
516 1719 582 1771 ergo
600 1703 716 1772 quisque
734 1702 851 1759 subibat.

138 1857 221 1924 inque
238 1854 298 1910 aliis
315 1855 405 1923 alium,
422 1855 551 1926 populum
569 1856 684 1925 sepelire
702 1873 811 1911 suorum

139 1937 290 1988 certantes:
309 1933 426 1987 lacrimis
443 1933 506 1986 lassi
523 1933 652 2002 luctuque
669 1934 811 2000 redibant;

137 2008 204 2062 inde
220 2009 320 2062 bonam
337 2013 444 2078 partem
462 2009 490 2063 in
508 2009 608 2064 lectum
626 2027 749 2066 maerore
767 2012 909 2068 dabantur.

92 2149 97 2162 ⁸
138 2088 305 2155 necpoterat
314 2085 457 2154 quisquam
467 2086 588 2156 reperiri,
598 2104 680 2156 quem
690 2105 779 2158 nequo
788 2090 899 2145 morbus
939 2106 988 2145 1250

139 2178 190 2215 nec
206 2178 279 2215 mors
296 2178 345 2215 nec
362 2161 451 2214 luctus
468 2165 617 2230 temptaret
634 2169 758 2232 tempore
776 2165 831 2218 tali.

176 2237 323 2291 Praeterea
339 2237 393 2290 iam
411 2239 505 2304 pastor
522 2240 552 2290 et
569 2240 749 2292 annentarius
767 2241 854 2294 omnis

140 2317 170 2368 et
186 2313 315 2367 robustus
331 2313 398 2366 item
416 2311 490 2365 curri
508 2312 665 2366 moderator
682 2314 767 2367 aratri

139 2390 291 2458 languebat
309 2389 473 2459 penitusque
491 2404 552 2441 casa
569 2393 696 2442 contrusa
712 2389 837 2444 iacebant

140 2482 254 2536 corpora
271 2468 432 2535 paupertate
451 2468 481 2517 et
497 2462 592 2517 morbo
610 2464 705 2519 dedita
722 2466 810 2518 morti.
939 2481 987 2520 nat

140 2542 271 2597 exanimis
289 2541 380 2611 pueris
397 2557 480 2610 super
497 2540 650 2594 exanimata
661 2545 809 2610 parentum

140 2635 254 2688 corpora
271 2634 471 2686 nonnumquam
490 2633 583 2687 posses
600 2622 729 2686 retroque
747 2617 840 2672 videro

140 2694 273 2750 matribus
290 2698 319 2750 et
336 2695 461 2764 patribus
477 2697 556 2748 natos
574 2710 656 2763 anper
673 2695 755 2749 cdere
773 2696 863 2750 vitam.

140 2788 190 2825 nec
206 2772 345 2825 minimam
361 2775 469 2840 partem
486 2789 520 2826 ex
539 2772 610 2839 agris
627 2771 652 2825 is
669 2787 776 2825 maeror
793 2772 822 2824 in
838 2771 934 2827 urbem

139 2847 276 2915 confluxit,
294 2848 424 2916 languens
442 2865 523 2917 quem
541 2848 655 2903 contulit
672 2848 848 2915 agricolauun
938 2865 986 2904 raso

140 2925 218 2994 copia
235 2925 394 2978 couveniens
412 2942 446 2978 ex
463 2924 537 2978 omni
554 2925 679 2979 morbida
695 2929 781 2994 parte.

140 3000 230 3055 omnia
247 2999 408 3069 conplebant
424 3001 483 3055 loca
500 3004 643 3069 tectaque;
660 3019 714 3071 quo
731 3003 817 3071 magis
834 3005 896 3058 astu

140 3078 275 3132 confertos
293 3079 332 3131 ita
349 3079 495 3132 acervatim
512 3095 585 3131 mors
602 3078 795 3133 accumulabat.

141 3154 228 3208 multa
245 3153 289 3207 siti
307 3157 447 3223 protracta
463 3155 534 3208 viana
551 3171 602 3224 per
617 3172 722 3225 proque
739 3155 831 3210 voluta

141 3246 254 3298 corpora
271 3229 369 3283 silanos
387 3229 422 3283 ad
439 3247 569 3299 aquarum
588 3235 675 3285 strata
692 3232 816 3286 iacebant
938 3249 985 3287 nee
