2234 3526
117 121 173 178 152
526 117 557 173 V

114 243 167 279 non
186 225 277 278 divom
295 239 388 292 pacem
407 222 478 274 votis
496 222 555 275 adit
573 238 604 276 ae
621 239 703 291 prece
721 223 830 293 quaesit

114 305 257 356 ventorum
276 298 391 368 pavidus
409 314 490 366 paces
509 299 666 367 animasque
684 299 825 361 secundae,
919 315 968 354 1111

114 378 286 447 nequiquam,
305 374 431 442 quoniam
451 373 568 427 violento
586 374 697 428 turbine
716 392 797 444 saepe

114 457 256 521 correptus
274 451 328 504 uilo
347 451 435 504 fertur
453 449 542 502 miuus
560 449 595 502 ad
613 450 683 504 vada
700 451 749 504 leti
756 454 765 505 l

114 546 199 596 usquc
217 529 287 580 adeo
305 543 350 580 res
367 526 499 579 humanas
516 526 557 579 vis
574 525 670 580 abdita
688 528 823 596 quaedam

114 605 216 673 opterit
234 606 263 657 et
280 602 407 671 pulchros
424 602 504 656 fascis
522 618 669 670 saevasque
688 619 797 657 secures

114 680 271 750 proculcare
289 696 320 733 ac
338 678 456 732 ludibrio
475 678 527 731 sibi
545 678 646 732 habere
664 679 781 733 videtur.
916 695 967 735 1111

113 755 231 824 denique
250 756 301 808 sub
318 754 436 824 pedibus
454 754 536 808 tellus
554 771 615 808 cum
634 759 693 810 tota
711 756 820 810 vacillat

112 848 309 900 concussaeque
328 831 430 885 cadunt
447 830 530 884 urbes
547 830 700 899 dubiaeque
718 833 865 900 minantur,

113 907 179 976 quid
197 907 296 960 mirum
315 908 337 961 si
355 924 384 960 se
402 909 529 962 temnunt
547 907 672 960 mortalia
690 908 780 962 saecla

61 1042 65 1047 ,
112 987 195 1052 atque
213 983 359 1051 potestatis
376 999 489 1050 magnas
507 977 645 1051 mirasque
662 983 800 1052 relinqunt

112 1059 141 1112 in
158 1059 242 1112 rebus
260 1059 324 1111 viris
342 1059 443 1126 divum,
462 1075 531 1126 quac
549 1063 646 1112 cuncta
664 1059 836 1128 gubernent?
915 1074 966 1114 1111

141 1135 226 1200 ¹Quod
236 1138 367 1203 superest,
377 1152 423 1188 aes
432 1139 515 1204 atque
524 1152 619 1188 aurum
627 1136 784 1204 ferrumque
793 1140 965 1205 repertumst

112 1214 142 1264 et
160 1211 237 1264 simul
256 1212 362 1279 argenti
381 1213 487 1280 pondus
506 1211 664 1280 plumbique
681 1217 811 1281 potestas,

110 1287 181 1354 iguis
199 1287 246 1340 ubi
264 1287 381 1354 ingentis
399 1288 480 1341 silvas
498 1288 597 1341 ardore
615 1294 750 1343 cremarat

111 1363 250 1417 montibus
266 1363 293 1416 in
312 1365 422 1432 magnis,
441 1381 489 1417 scu
506 1364 572 1416 caeli
590 1364 702 1418 fulmine
721 1366 811 1433 misse,

112 1439 169 1493 sive
187 1439 261 1507 quod
279 1440 351 1494 inter
369 1457 398 1494 11
416 1441 517 1493 bellum
536 1440 661 1494 silvestre
678 1446 805 1510 gerentes
913 1455 964 1494 1111

111 1515 235 1570 hostibus
252 1516 402 1570 intulerant
420 1517 510 1584 ignem
528 1516 682 1571 formidinis
700 1535 773 1586 ergo,

112 1592 168 1646 sive
187 1593 260 1661 quod
278 1593 383 1646 inducti
401 1597 491 1646 terrae
509 1592 634 1646 bonitate
651 1593 779 1648 volebant

111 1670 232 1738 pandere
250 1686 330 1737 agros
348 1669 455 1738 pinguis
473 1673 502 1722 11
520 1685 620 1736 pascua
637 1669 756 1723 reddere
774 1687 845 1736 rura,
863 1707 877 1719 f

111 1745 167 1798 sive
184 1746 257 1798 feras
274 1746 428 1799 interficere
447 1748 476 1798 11
494 1745 627 1798 ditescere
645 1745 754 1814 praeda.

109 1838 172 1874 nam
190 1821 268 1874 fovea
285 1825 368 1888 atque
386 1820 442 1888 igni
461 1822 537 1890 prius
555 1825 598 1874 est
615 1822 739 1875 venarier
757 1824 848 1875 ortum
912 1837 962 1876 1111

112 1913 192 1964 quam
212 1896 317 1965 saepire
335 1896 423 1964 plagis
441 1897 541 1949 saltum
559 1897 725 1965 canibusque
743 1898 821 1951 ciere.

111 1971 244 2039 quidquid
261 1971 291 2024 id
308 1976 357 2038 est,
377 1988 546 2040 quacumque
564 1989 580 2025 1
597 1989 679 2026 causa
696 1974 837 2027 flammeus
855 1971 937 2026 ardor

110 2047 232 2100 horribili
250 2047 341 2101 sonitu
358 2047 439 2100 silvas
457 2047 589 2100 exederat
606 2049 669 2102 altis

109 2123 144 2177 ab
162 2123 298 2179 radicibus
316 2128 345 2178 ct
363 2126 466 2177 terram
484 2128 645 2192 percoxerat
662 2125 725 2192 igni,

110 2200 238 2255 manabat
257 2201 331 2255 venis
348 2200 517 2254 ferventibus
535 2201 562 2253 in
580 2200 639 2254 loca
656 2204 749 2254 terrae
910 2215 960 2255 1111

109 2294 225 2331 concava
242 2279 403 2331 conveniens
421 2277 529 2346 argenti
546 2277 620 2330 rivus
638 2280 668 2330 11
686 2276 752 2343 auri,

109 2354 179 2407 aeris
196 2353 262 2406 item
281 2358 310 2407 11
328 2353 438 2421 plumbi.
456 2371 526 2422 quae
544 2371 605 2408 cum
622 2356 749 2407 concreta
767 2352 897 2406 videbant

109 2429 244 2496 posterius
263 2429 335 2482 claro
354 2431 382 2482 in
400 2433 475 2483 terra
493 2430 638 2499 splendere
656 2429 754 2496 colore,

109 2505 242 2558 tollebant
260 2505 348 2559 nitido
366 2507 439 2575 capti
457 2506 563 2575 levique
580 2505 680 2576 lepore,

108 2585 137 2635 et
155 2581 236 2634 simili
254 2581 371 2635 formata
389 2581 518 2635 videbant
536 2598 596 2635 1111
614 2582 702 2649 figura

108 2660 192 2724 atque
209 2656 365 2710 lacunarum
383 2658 492 2710 fuerant
509 2657 626 2726 vestigia
644 2658 748 2726 cuique:

108 2737 167 2786 tum
184 2732 349 2802 penetrabat
366 2750 412 2786 eos
429 2750 509 2802 posse
528 2733 595 2788 haec
613 2734 761 2802 liquefacta
779 2733 868 2788 calore

107 2809 256 2878 quamlibet
274 2809 302 2862 in
320 2808 434 2862 formam
453 2813 481 2863 11
499 2810 596 2863 faciem
615 2810 762 2863 decurrere
780 2827 871 2863 rerum

107 2889 136 2940 11
153 2902 278 2954 prorsum
296 2886 419 2954 quamvis
437 2886 464 2938 in
483 2890 563 2939 acuta
580 2902 611 2940 ae
628 2886 721 2940 tenvia
738 2902 818 2954 posse

107 2978 264 3015 mucronum
282 2961 344 3015 duci
361 2961 471 3029 fastigia
488 2962 671 3030 procudenda,
908 2977 957 3018 1111

106 3041 138 3090 ut
156 3037 207 3089 sibi
225 3038 282 3091 tela
300 3037 404 3104 darent,
423 3038 559 3105 silvasque
576 3043 608 3092 ut
626 3039 739 3092 caedere
757 3043 869 3108 possent

106 3113 302 3180 materiemque
321 3113 414 3166 dolare
431 3117 460 3168 11
478 3114 547 3167 levia
564 3115 662 3168 radere
680 3115 757 3182 tigna

104 3192 135 3242 11
150 3187 292 3241 terebrare
310 3189 393 3242 ctiam
412 3205 442 3242 11
460 3189 630 3258 pertundere
647 3207 751 3259 perque
768 3192 866 3245 forare.
