2252 3530
544 139 616 196 IIII
967 141 1004 198 89
1057 224 1062 236 .

154 260 241 314 quove
259 243 341 297 modo
359 243 492 298 distracta
511 243 614 297 rediret
632 244 659 297 in
678 245 755 298 ordia
772 246 867 314 prima,

153 337 225 375 nunc
243 337 324 388 agere
342 319 469 388 incipiam
487 320 545 387 tibi,
565 320 638 388 quod
657 326 798 375 vementes·
816 321 851 374 ad
869 321 917 374 bas
936 338 981 375 res

155 397 263 464 attinet,
282 413 343 450 esse
361 413 480 464 eaquae
499 413 591 450 rerum
609 396 753 451 simulacra
770 414 916 461 rocamns3
982 412 1006 451 ao

154 490 231 541 quae,
250 472 327 541 quasi
345 473 519 527 membranae
538 489 644 526 summo
662 473 698 527 de
716 490 829 544 corpore
847 491 938 526 rerum

155 548 295 617 dereptae,
313 548 429 602 volitant
447 549 575 618 ultroque
594 550 719 618 citroque
737 567 787 620 per
800 565 887 615 auras,

155 630 237 694 atque
256 625 352 678 eadem
370 624 447 677 nobis
465 624 641 693 vigilantibus
660 625 739 680 obvia
756 629 862 679 mentes

156 702 307 755 terrificant
325 704 408 770 atque
425 701 454 753 in
472 701 579 768 somnis,
599 718 661 755 cum
679 718 762 770 saepe
780 701 880 768 ligures

156 777 308 831 contuimur
326 779 409 831 miras
429 777 626 846 simulacraque
644 777 704 832 luce
721 781 869 843 carentum,
984 789 1007 828 ss
1053 824 1056 828 .

156 870 226 922 quae
243 871 291 907 nos
309 854 434 908 horrifice
452 853 606 922 languentis
624 871 705 924 saepe
723 869 819 923 sopore

120 955 123 974 ι
157 930 304 998 excierunt,
322 947 357 984 ne
375 930 447 984 fonto
466 931 568 985 aninms
587 931 747 986 Acherunte
765 945 874 984 reamur

157 1007 276 1074 effugere
294 1011 343 1061 aut
361 1007 472 1062 umbras
489 1008 562 1062 inter
580 1009 653 1062 vivos
671 1008 786 1061 volitare

157 1099 224 1136 neve
241 1083 344 1152 aliquid
362 1084 449 1138 nostri
467 1088 530 1154 post
548 1088 664 1139 mortem
683 1101 763 1154 posse
780 1081 904 1150 relinqui,

157 1176 218 1213 cum
236 1176 335 1230 corpus
353 1161 433 1214 simul
452 1167 534 1230 atque
552 1161 635 1214 animi
651 1165 751 1220 natura
768 1161 912 1228 perempta
982 1169 1007 1207 to

157 1236 185 1288 in
203 1252 252 1289 sua
269 1236 419 1290 discessum
437 1236 565 1290 dederint
582 1237 732 1306 primordia
749 1249 879 1302 quaeque.
905 1271 908 1275 .

195 1312 261 1365 Dico
279 1311 363 1379 igitur
380 1329 473 1365 rerum
491 1312 594 1380 effigias
613 1313 756 1380 tenuisque
774 1310 875 1376 figuras

157 1389 263 1442 mittier
281 1387 315 1441 ab
333 1389 415 1442 rebus
434 1405 538 1442 summo
556 1388 592 1442 de
610 1405 723 1457 corpore
740 1402 839 1452 rerum,

123 1484 145 1516 ⁴5
157 1489 201 1520 SED
211 1487 323 1527 Quorsum
333 1487 407 1520 nocui
417 1487 565 1520 conessum(
577 1487 684 1519 exosum
695 1485 779 1518 ulllrull

157 1559 246 1598 Qusus
257 1559 311 1591 sm’l·
322 1559 350 1590 ss
360 1558 430 1596 QUAM
441 1557 524 1590 vanus
534 1556 660 1589 DlS'l’AN'l'lA
671 1557 758 1588 sonnis

157 1628 245 1662 SPONTE
255 1629 301 1662 SUA
313 1629 429 1661 vostrum*
438 1628 548 1661 ALTERNO
559 1628 657 1660 rancus
668 1627 734 1660 MOTU

158 1699 255 1738 QUOQUE
266 1700 330 1732 MODO
342 1701 419 1733 Possis·
429 1700 473 1732 Rus
483 1701 515 1732 EX
526 1701 565 1732 ffls
575 1700 791 1740 Quamne-ciream

158 1773 224 1806 NUNC
234 1773 315 1806 AGERE
324 1773 436 1806 inermus
447 1773 496 1805 ΤΙΒῙ
507 1773 571 1811 QUOD
581 1773 744 1806 vsflsnnuluu
755 1775 788 1806 AD
799 1775 846 1808 llas
856 1776 900 1810 RES

124 1843 146 1876 u
159 1844 258 1878 Ansium
269 1845 322 1877 ESSE
333 1845 365 1877 ΕΑ
375 1845 441 1882 Quas
451 1844 536 1876 RERUM
546 1843 685 1876 sinutscus
697 1845 809 1878 vocamus

159 1900 228 1977 quae
246 1907 322 1976 quasi
340 1907 514 1960 membranae
532 1906 575 1960 rel
593 1909 687 1961 cortex
705 1907 925 1977 nominitandast,
986 1928 1009 1966 so

159 1983 233 2053 quod
250 1984 369 2052 speciem
387 1998 418 2036 ac
435 1984 549 2036 formam
568 1982 683 2036 similem
701 1983 772 2048 gerit
790 1978 956 2054 eins‘imago

160 2061 350 2126 cuiuscumque
368 2059 442 2112 cluet
460 2058 495 2112 de
513 2075 626 2127 corpore
645 2059 704 2112 fusa
722 2060 835 2127 vagaris

125 2153 147 2184 a
160 2137 188 2190 id
206 2136 270 2190 licet
288 2135 349 2188 hinc
367 2135 491 2204 quamvis
509 2134 602 2188 lrcbcti
622 2152 785 2202 cognoscere
803 2135 892 2190 corde.

125 2228 147 2260 ω
160 2211 293 2282 principio
311 2211 438 2279 ‹quorriam
456 2210 570 2263 mittunt
588 2210 616 2262 in
635 2211 716 2264 rebus
734 2212 836 2279 apertis

160 2305 274 2357 corpora
291 2305 335 2341 res
353 2286 462 2354 multae,
479 2285 580 2354 partim
599 2285 696 2339 diffusa
714 2287 809 2354 solute,
987 2303 1011 2342 ss

160 2365 259 2418 robora
276 2380 327 2418 ceu
345 2362 449 2415 fumum
467 2360 582 2414 mittunt
599 2361 730 2428 ignesque
747 2378 883 2430 vaporem,

160 2446 190 2495 ot
206 2441 307 2510 partim
326 2441 455 2493 contexta
473 2436 560 2504 magis
578 2436 774 2505 condensaque,
793 2441 825 2490 ut
843 2438 906 2491 olim

160 2535 222 2572 cnm
240 2517 337 2571 teretis
354 2517 459 2584 ponunt
477 2513 584 2567 tunicas
602 2515 708 2567 aestate
726 2512 842 2580 cicadae,

160 2598 189 2648 et
207 2593 286 2648 vituli
304 2609 365 2647 cum
384 2590 556 2644 membranas
575 2589 610 2644 de
628 2605 740 2658 corpore
758 2606 863 2642 summo

160 2673 302 2729 nascentes
320 2671 442 2735 mittunt,
460 2671 489 2721 et
507 2665 574 2720 item
592 2682 653 2719 cunr
672 2664 775 2719 lubrica
792 2681 904 2734 serpens
985 2680 1010 2720 eo

161 2747 238 2800 exuit
255 2747 282 2798 in
302 2746 385 2814 spinis
404 2747 522 2810 vestem;
539 2760 602 2796 nam
624 2758 705 2810 saepe
723 2741 846 2795 videmus

161 2823 268 2875 illorum
288 2822 379 2891 spoliis
397 2836 494 2889 vepres
512 2819 689 2873 volitantibus
706 2822 807 2873 alietas.

161 2915 231 2966 (prae
250 2898 375 2965 qnoniam
394 2897 471 2963 fiunt,
489 2895 578 2949 tenuis
596 2912 704 2964 qnoque
722 2892 806 2948 debet
823 2893 913 2960 imago

161 2975 196 3028 ab
214 2974 296 3028 rebus
315 2973 386 3026 mitti
406 2988 510 3025 summo
528 2971 563 3024 de
581 2987 696 3040 corpore
713 2987 812 3023 rerum.

161 3067 224 3106 nam
243 3067 292 3104 eur
310 3049 356 3102 illa
374 3047 474 3100 cadant
492 3046 578 3114 magis
595 3046 631 3102 ab
648 3047 784 3115 rebusque
802 3045 932 3100 recedant
987 3063 1011 3102 es

162 3143 244 3195 qnam
263 3142 333 3194 quae
352 3123 444 3177 tenvia
461 3129 532 3190 sunt,
551 3122 699 3177 hiscendist
716 3123 790 3176 nulla
806 3125 944 3191 potestas;

160 3201 323 3273 praesertim
341 3216 402 3254 cum
422 3199 476 3252 sint
494 3199 521 3252 in
540 3198 652 3252 sunmris
670 3215 785 3269 corpora
801 3199 884 3253 rebus
