2252 3530
28 3311 45 3364 5

90 145 145 206 ll0
477 145 547 200 llll

87 253 173 306 multa
190 269 240 322 per
257 269 288 306 os
305 253 475 320 exhalantur,
493 269 553 306 curn
572 252 700 319 languida
718 252 855 317 anhelant,

87 329 128 382 his
146 329 232 396 igitur
248 328 331 382 rebus
349 329 461 382 rarescit
478 345 577 397 corpus
595 337 624 382 et
642 329 728 381 omnis
901 341 936 379 555

86 406 226 458 subruitur
244 410 356 471 natura3
374 405 451 458 dolor
468 422 549 473 quam
568 406 742 472 consequitur
760 423 825 460 rom.

86 488 233 551 propterea
251 481 357 550 cupitur
374 482 450 534 cibus
467 486 499 533 55
517 481 651 534 suffulciet
669 486 746 534 artus

86 563 115 611 ot
133 562 240 612 recreet
258 558 329 610 vires
347 558 501 612 interdatus
519 563 602 624 atque
620 562 760 626 potentem

85 651 136 703 per
153 633 276 686 membra
294 649 325 687 55
343 650 424 687 venas
442 638 474 686 ut
492 650 611 686 amorem
630 637 740 702 opturet
758 634 865 688 edendi.

86 728 164 765 umor
181 711 246 784 item
265 709 382 764 discedit
399 712 427 764 in
446 711 535 763 omnio
553 727 622 777 quae
640 711 699 764 loca
716 728 832 780 cumque
902 725 938 766 575

86 792 201 855 poscunt
218 803 356 850 umorem3
373 787 577 854 glomerataque
596 787 682 840 multo
699 789 806 856 ruperis

86 879 207 931 corpora,
227 880 297 931 quao
316 862 455 916 stomacho
473 863 607 930 praebent
625 864 750 918 incendia
767 868 868 932 nostro,

87 939 212 1010 dissupat
230 940 377 992 udrcniens
395 939 483 1008 liquor
501 955 532 992 55
550 940 696 1007 restinguit
713 945 745 994 ut
761 941 860 1009 ignem,

87 1032 166 1069 urere
184 1033 218 1070 ne
236 1017 322 1085 possit
340 1016 414 1068 calor
431 1015 546 1082 amplius
564 1016 656 1069 aridus
675 1020 757 1071 artus.

86 1092 124 1145 sic
142 1093 228 1160 igitur
245 1092 294 1145 tibi
314 1092 410 1145 oulrela
428 1093 487 1144 sitis
505 1091 541 1145 de
559 1109 672 1161 corpere
690 1097 783 1146 nostro
902 1114 938 1150 555

87 1167 214 1234 abluitur,
234 1169 272 1222 sic
291 1169 417 1236 expletur
435 1169 524 1222 ieiuna
542 1167 661 1238 cupido]

122 1245 147 1297 N
150 1261 201 1298 unc
219 1245 265 1314 qui
283 1245 332 1298 fiat
350 1245 390 1298 uti
408 1261 504 1314 passus
522 1245 645 1312 proferre
663 1261 799 1314 queamus,

87 1337 148 1374 rum
166 1321 295 1386 reinulae,
315 1321 441 1390 raricquo
460 1320 554 1373 datum
574 1319 610 1373 sit
628 1321 751 1374 membra
768 1339 884 1388 morere,

87 1402 116 1450 55
133 1413 203 1466 quae
222 1414 265 1450 res
284 1401 389 1450 turtum
407 1397 458 1450 hoc
476 1397 565 1449 oneris
583 1397 747 1465 protrudere
764 1398 849 1451 nostri

87 1473 207 1541 corporis
224 1474 345 1536 insuerit,
364 1473 467 1528 dicam:
486 1477 517 1526 tu
535 1473 645 1541 percipe
664 1472 745 1527 dicta.
901 1488 938 1528 555
986 1495 989 1500 ’

88 1548 148 1601 dico
166 1550 255 1602 animo
274 1553 366 1601 nostro
385 1549 501 1618 primum
522 1548 666 1602 simulacre
683 1549 791 1603 meandi

87 1626 211 1678 accidere
230 1630 312 1694 atque
330 1627 447 1678 55555555
466 1626 583 1693 pulsare,
601 1629 632 1678 ut
651 1624 769 1679 diximus
786 1630 856 1680 autc.

86 1701 151 1754 indo
168 1702 292 1755 voluutas
311 1701 357 1765 555;
375 1718 463 1768 neque
482 1701 554 1755 enim
572 1703 662 1755 555555
679 1702 773 1770 incipit
791 1702 872 1754 ullum

88 1794 145 1830 rem
164 1779 313 1846 quisquam,
332 1795 419 1844 quom
438 1795 513 1831 mens
532 1777 649 1846 providit
668 1778 733 1844 quid
752 1778 816 1832 velit
834 1784 904 1832 5555.

88 1855 116 1906 id
134 1854 208 1921 quod
227 1855 360 1923 providet,
380 1854 451 1908 illius
470 1856 509 1907 555
527 1857 635 1907 coustat
652 1854 748 1922 imago.
902 1870 938 1907 555

88 1947 154 1997 crgo
172 1931 277 1983 animus
296 1948 357 1984 cum
376 1948 434 1984 sese
453 1932 492 1984 555
509 1934 660 1983 commoret
678 1934 710 1983 ut
727 1931 795 1984 velit
812 1931 852 1984 555

89 2007 169 2074 inque
186 2006 272 2073 gredi,
292 2008 357 2060 ferit
375 2008 513 2076 extemplo
531 2023 600 2074 quae
618 2007 645 2060 in
664 2024 777 2075 corpore
795 2010 854 2061 toto

87 2098 138 2150 per
155 2083 278 2135 membru
296 2087 379 2150 atque
397 2087 473 2136 artus
491 2083 590 2136 5555555
609 2083 706 2136 dissita
724 2083 764 2135 ris
782 2087 832 2136 est.

84 2162 117 2211 et
135 2158 240 2211 facilest
258 2159 337 2225 lactu,
356 2159 481 2230 quoniam
500 2160 643 2212 coniuncta
661 2164 777 2212 tenetur.

89 2233 153 2288 inde
171 2251 203 2288 55
221 2232 352 2304 proporro
371 2252 468 2304 cerpus
486 2235 558 2303 ferit,
576 2240 659 2303 atque
677 2237 716 2288 555
734 2241 794 2288 5555
904 2251 940 2289 seo

89 2311 219 2379 paulatim
238 2312 323 2365 meles
340 2312 513 2380 protruditur
531 2316 613 2380 atque
631 2316 762 2364 moretur.

89 2392 232 2454 praetcrea
250 2393 308 2442 tum
328 2389 442 2442 rarescit
460 2405 567 2456 quoque
585 2404 683 2456 corpus
701 2392 730 2441 ct
747 2405 801 2453 aer,

89 2464 191 2518 scilicet
209 2470 241 2519 ut
259 2464 343 2519 debet
361 2465 407 2532 qui
428 2483 535 2535 semper
553 2464 658 2518 mobilis
677 2467 762 2529 extet,

89 2556 138 2607 per
155 2541 291 2609 patefacto
311 2541 384 2594 venit
402 2545 583 2610 penetratque
600 2541 732 2593 5555555555
749 2541 840 2608 largus

89 2620 118 2669 et
137 2616 303 2685 dispergitur
321 2619 357 2671 ad
375 2620 461 2686 portis
480 2617 519 2670 555
537 2634 658 2686 quasque
677 2616 794 2669 minutas
905 2631 940 2667 555

89 2694 216 2762 corperis.
234 2694 276 2746 hic
294 2695 378 2762 igitur
397 2695 479 2748 rebus
498 2695 530 2747 555
548 2694 685 2761 utrimque
703 2691 817 2757 duabus,

89 2786 173 2835 {reque
190 2771 222 2824 id
238 2777 270 2824 ut
287 2789 318 2825 55
335 2773 411 2824 naris
429 2772 496 2824 relis
515 2773 650 2838 ventoque
667 2770 779 2822 5555555.

89 2863 139 2898 uec
157 2859 249 2900 tumen
268 2847 335 2900 illud
353 2848 380 2900 in
399 2848 440 2900 his
459 2847 541 2900 rebus
558 2845 683 2898 mirabile
701 2848 813 2907 constat,

89 2924 196 2978 tantula
214 2924 287 2993 55555
306 2928 413 2978 tantum
432 2941 528 2991 eorpus
547 2922 705 2991 corpuscula
722 2924 837 2989 possunt

90 3002 269 3067 contorquere
288 3006 317 3054 ct
335 3017 403 3054 onus
421 3005 510 3055 totum
529 3003 687 3052 convertere
705 3000 834 3050 nostrum¹
905 3009 940 3049 ooo

90 3073 190 3142 quippo
209 3077 310 3128 etenim
328 3083 424 3131 ventus
443 3076 535 3145 suptili
554 3091 666 3142 corporo
684 3073 772 3126 tenvis

90 3150 180 3204 trudit
198 3167 281 3219 agens
299 3171 424 3220 magnam
442 3169 540 3221 magno
558 3150 695 3204 molimine
713 3165 810 3201 narem

93 3232 121 3280 et
140 3243 235 3281 manus
253 3244 305 3280 uno
322 3230 394 3296 regit
411 3229 553 3297 quantovis
571 3227 674 3293 impete
691 3228 802 3280 cuntem
