2252 3530
72 9 222 88 υἱέι
270 23 322 72 sn
368 11 551 88 aba.

117 124 155 179 a
315 119 328 148 ·
420 125 854 226 1151151155
932 155 937 164 ·

122 243 234 296 poscere
252 233 376 282 naturam
394 247 443 298 per
461 234 548 284 terras
566 227 783 300 omniparentisL'

123 323 236 376 quorum
255 307 292 359 nil
310 307 369 360 fieri
387 308 560 360 manifestum
577 312 627 376 est,
646 308 736 362 omnia
753 309 862 377 quando

122 383 267 437 seminibus
285 384 367 437 certis
385 389 461 437 certa
477 384 615 452 genetrice
634 388 726 437 ereata

122 476 281 514 conservare
298 477 384 528 genus
402 461 552 514 crescentie
569 476 649 530 posse
667 461 796 515 videmus.

121 535 225 590 scilicet
241 537 271 590 id
288 541 364 591 certa
381 536 441 590 fieri
459 537 566 590 ratione
584 541 731 592 necessust.
933 553 970 591 710

120 628 182 665 nam
200 629 250 666 sua
268 613 365 682 cuique
384 612 451 667 cibis
470 631 504 667 ex
522 613 648 684 omnibus
665 614 740 666 intus
757 613 786 666 in
803 619 879 668 artus

120 705 234 758 corpora
252 689 397 744 discedunt
415 706 570 758 conexaque
589 690 773 744 convenientis

119 765 239 819 efficiunt
256 769 354 822 motus.
373 770 402 819 at
420 768 516 820 contra
534 767 621 819 aliena
638 765 762 819 ridemus

119 841 222 896 reicere
240 843 267 895 in
285 847 374 896 terras
391 846 524 910 naturam,
541 843 680 910 multaque
698 842 785 896 caecis

118 919 276 988 corporibus
294 919 401 987 sumunt
419 936 434 972 e
453 936 565 988 corpore
582 919 688 988 percita
705 918 801 988 plagis,
932 934 968 974 ⁷15

117 1012 186 1062 quse
204 1013 291 1064 neque
309 995 413 1050 conecti
431 1013 565 1065 quoquam
583 999 697 1064 potuere
714 1011 803 1064 neque
821 995 894 1049 intus

117 1071 205 1125 vitalis
223 1076 314 1126 motus
331 1073 484 1126 consentire
501 1076 582 1140 atpre
600 1071 707 1125 imitari.

116 1148 165 1201 sed
183 1165 217 1202 ne
235 1148 307 1202 sorte
324 1153 405 1218 putes
423 1149 548 1203 animalia
566 1149 622 1202 sola
639 1149 726 1202 teneri

115 1224 221 1292 legibus
239 1226 322 1293 hisee,
340 1242 372 1279 ea
390 1242 435 1279 res
452 1226 523 1279 ratio
543 1226 716 1280 disterminat
734 1226 828 1280 omnis.

115 1318 176 1354 nam
194 1302 279 1356 veluti
297 1306 356 1356 tota
373 1306 472 1355 natura
491 1301 634 1355 dissimiles
652 1305 715 1356 srmt
928 1317 965 1356 rao

74 1434 76 1440 ,
114 1378 187 1432 inter
205 1396 234 1432 se
252 1381 361 1446 genitae
380 1397 424 1433 res
442 1395 572 1447 quaeque,
590 1379 630 1442 its
647 1396 782 1448 quamque
799 1393 922 1434 necesses
943 1406 1030 1512 ”a

135 1455 237 1509 'ssimili
256 1462 380 1510 constare
399 1456 486 1524 figura
504 1455 717 1525 principiorum3

30 1453 166 1686 &Aaou
183 1531 237 1601 quo
255 1534 455 1618 multamus
474 1532 554 1621 simili
573 1532 627 1586 siut
645 1533 771 1608 medita
787 1533 881 1600 forma,

113 1607 162 1661 sed
179 1610 242 1678 quia
259 1626 312 1662 non
330 1609 408 1676 volgo
426 1625 502 1677 parra
520 1608 643 1660 omuibus
661 1610 750 1662 omniu
767 1612 898 1664 constent.

112 1685 292 1749 seminecum
310 1701 390 1754 porro
409 1685 520 1751 distent,
539 1683 649 1737 differre
668 1689 807 1739 necessust
924 1699 960 1740 ms

112 1761 252 1814 intervalla
270 1762 326 1814 vias
344 1777 460 1814 conexus
478 1760 600 1830 pondera
617 1761 710 1828 plagas

111 1853 255 1892 concursus
273 1842 369 1903 motus,
389 1853 459 1905 quae
475 1847 530 1894 non
548 1836 672 1890 animalia
690 1837 775 1890 solum

110 1930 225 1980 corpora
242 1915 393 1981 seiungunt,
410 1913 459 1966 sed
476 1916 566 1966 terras
584 1929 615 1966 ac
633 1929 708 1966 mare
726 1917 814 1967 totum

110 1995 254 2043 secernunt
271 1990 428 2057 caelumque
446 2005 462 2041 a
479 1989 561 2042 terris
579 2005 657 2043 omne
675 1994 821 2044 retentant.

144 2065 223 2119 Nunc
241 2083 292 2134 age
309 2066 383 2118 dieta
401 2081 460 2118 meo
479 2064 552 2118 dulci
570 2067 693 2133 quaesita
711 2066 803 2120 labore
923 2083 958 2123 ⁷³0

107 2143 226 2212 percipe,
244 2159 278 2195 nc
295 2143 366 2205 forte
383 2142 450 2194 hoec
468 2141 536 2194 albis
554 2159 587 2196 ex
605 2141 667 2195 alba
684 2143 769 2196 rearis

106 2219 247 2288 principiis
264 2235 330 2283 esse,
349 2222 412 2271 ante
430 2217 520 2271 oculos
537 2235 607 2287 quae
625 2219 741 2272 eandida
757 2221 853 2287 cernis,

107 2298 154 2348 aut
172 2311 288 2363 eaquae
306 2295 415 2362 nigrant
432 2294 508 2362 nigro
527 2295 563 2348 de
581 2297 682 2348 semine
700 2300 779 2362 nata;

106 2372 167 2425 nive
184 2371 266 2424 alium
283 2371 405 2440 ‹prernvis
423 2387 493 2438 quae
511 2374 573 2424 sunt
591 2371 686 2425 inbuta
704 2372 828 2440 colorem,

106 2451 251 2518 propterea
268 2464 364 2515 gerere
383 2447 453 2500 hunc
471 2447 574 2515 credas,
592 2447 664 2516 quod
682 2449 806 2502 materiai
920 2463 955 2503 155

106 2541 218 2593 corporo
235 2524 366 2577 consimili
384 2524 437 2576 sint
456 2523 513 2575 eius
530 2524 617 2578 tincta
634 2525 729 2578 colore.

105 2602 193 2654 nullus
211 2601 282 2654 eninr
300 2600 372 2652 color
390 2604 432 2651 est
451 2598 559 2651 ernnino
577 2601 699 2654 materiai

105 2677 266 2746 corporibus,
284 2692 373 2742 neque
389 2691 440 2743 par
457 2674 538 2728 rebus
555 2692 643 2743 neque
661 2676 778 2744 denique
795 2678 895 2748 dispmr.

103 2753 130 2806 in
149 2770 217 2820 quae
235 2769 349 2821 corpora
366 2751 388 2803 si
407 2751 495 2803 nullus
512 2751 562 2804 tibi
579 2751 650 2805 forte
667 2752 775 2806 videtur

103 2846 183 2896 posse
201 2830 284 2881 animi
301 2828 416 2880 iniectus
434 2827 499 2890 fieri,
517 2829 611 2895 procul
631 2830 706 2881 avius
725 2847 808 2885 erras.
916 2846 964 2905 710·

102 2922 164 2958 nain
182 2923 243 2958 cum
261 2904 404 2972 omnigeni,
422 2903 484 2956 solis
502 2905 548 2971 qui
565 2904 668 2958 lumina
684 2923 829 2975 numquam
888 2964 894 2978 ι

104 2981 254 3048 dispexcre,
273 2986 364 3034 tamen
383 2983 546 3047 cognoscant
563 2997 675 3049 corpora
693 2987 775 3049 tectu,
883 3046 898 3078 χ

16 3064 17 3068 ’
58 3057 381 3120 ruminabant-nostroe
399 3072 506 3125 quoque
523 3057 608 3110 menti
627 3075 740 3128 corpora
757 3077 836 3129 posse
900 3077 919 3105 ¹·

30 3131 84 3176 ἢ
102 3132 173 3185 vorti
190 3132 218 3184 in
235 3133 358 3185 notitiam
378 3132 451 3185 nullo
468 3131 569 3185 circum
588 3133 637 3186 lita
652 3135 721 3188 fuco.
750 3190 755 3196 ,

9 3207 219 3354 venique
237 3209 354 3278 nosipsi
372 3208 458 3263 caecis
476 3225 661 3278 quaecumque
679 3211 799 3266 tenebris
915 3229 950 3270 745

11 3335 65 3406 ’ί

76 3395 177 3454 ,ν’
