2234 3526
536 135 609 194 IllI
935 140 990 198 117

145 239 283 292 ettamen
301 236 447 305 implicitus
466 252 573 304 quoque
591 239 678 305 possis
695 239 777 307 inquo
795 239 907 308 peditus

145 313 264 380 effugere
280 314 418 375 infestum,
437 312 489 364 nisi
507 316 568 366 tute
586 313 637 366 tibi
655 314 750 367 obvius
767 315 859 369 obstes
946 333 994 370 1155

146 392 174 442 55
192 389 397 458 praetermittas
414 389 496 441 animi
514 389 582 442 vitia
599 389 690 444 onmia
707 391 826 460 primum

145 472 192 519 aut
210 483 280 534 quae
298 465 411 533 eorpori’
432 468 495 518 sunt
513 465 578 532 eius,
597 467 703 534 siquam
721 468 794 536 petis
811 485 842 522 ac
859 468 908 522 vis.

145 558 207 594 nam
225 542 327 596 faciunt
346 541 468 594 homines
485 541 645 611 plerumque
662 543 790 612 cupidine
808 545 880 597 caeci

144 621 174 670 et
191 617 316 672 tribuunt
334 635 367 671 ea
385 635 454 685 quae
472 635 524 671 non
544 625 608 673 sunt
626 619 668 672 his
685 619 827 673 commoda
844 637 915 675 vere.

144 694 313 748 multimodis
329 695 413 762 igitur
431 711 529 764 pravas
547 695 690 764 turpisque
707 696 831 750 videmus
945 711 993 749 1155

145 787 204 824 esse
221 771 250 824 in
270 771 373 824 deliciis
392 788 551 840 summoque
569 773 597 824 in
615 771 719 826 honore
736 773 834 840 vigere.

143 851 226 916 atque
244 848 310 901 alios
328 847 373 900 alii
391 847 512 902 inrident
531 848 723 917 Veneremque
741 848 860 902 siladent

143 927 175 978 ut
192 925 307 993 placent,
326 925 452 992 quoniam
470 925 551 978 foedo
570 925 745 980 adflictentur
763 942 863 991 amore,

143 1017 194 1055 nce
212 1018 261 1054 sua
279 1001 429 1070 respiciunt
447 1001 539 1055 miseri
557 1002 629 1055 mala
646 1002 765 1055 maxima
782 1018 871 1070 saepe.

144 1077 222 1146 nigra
240 1078 387 1131 melichrus
405 1082 454 1145 est,
472 1078 603 1132 inmunda
621 1082 651 1133 et
669 1079 754 1142 fetida
771 1095 900 1143 acosmos,
948 1093 995 1130 noo

144 1153 233 1207 caesia
253 1153 411 1222 Palladium,
430 1172 544 1208 nervosa
562 1160 591 1210 et
609 1155 699 1223 lignea
717 1154 821 1223 dorcas,

144 1230 264 1298 parvula,
283 1231 401 1299 pumilio,
420 1231 544 1284 chariton
562 1231 623 1298 mia,
642 1234 702 1284 tota
719 1248 824 1284 merum
843 1230 891 1298 sal,

145 1322 243 1375 magna
261 1310 342 1375 atque
360 1307 475 1359 inmanis
493 1307 642 1377 cataplexis
660 1308 795 1375 plenaque
812 1307 928 1360 honoris.

144 1382 224 1436 balba
242 1382 315 1451 loqui
332 1399 385 1435 non
404 1383 472 1450 quit,
490 1383 603 1447 trauliai,
621 1388 697 1436 muta
715 1382 821 1452 pudens
839 1386 896 1447 est;

143 1462 172 1512 at
190 1459 307 1526 flagrans
326 1459 420 1512 odiosa
438 1459 581 1528 loquacula
599 1459 780 1528 Lampadium
797 1459 836 1513 fit.
947 1473 995 1511 1155

142 1534 255 1589 ischnon
274 1536 429 1589 eromenion
448 1539 507 1590 tum
525 1536 564 1604 fit,
583 1553 644 1590 eum
663 1537 753 1590 vivere
771 1553 825 1589 non
842 1535 903 1604 quit

143 1627 209 1680 prae
227 1611 327 1676 maci03
345 1611 459 1666 rhadine
478 1617 569 1667 verost
587 1613 641 1666 iam
661 1617 770 1668 mortua
787 1613 863 1666 tussi.

143 1690 172 1741 at
190 1688 295 1742 tumida
313 1691 342 1742 et
360 1705 508 1744 mammosa
527 1689 610 1744 Ceres
628 1694 671 1744 est
689 1690 748 1758 ipsa
765 1688 800 1742 ab
819 1687 925 1756 Iaccho,

142 1765 238 1818 simula
257 1765 348 1818 Silena
365 1782 397 1818 55
416 1770 544 1834 saturast,
562 1766 673 1820 labeosa
691 1765 817 1835 philema.

141 1844 234 1895 cetera
246 1842 394 1910 degenere
406 1842 458 1896 hoc
470 1842 581 1910 longum
594 1847 637 1897 est
650 1843 672 1896 si
686 1842 777 1896 dicere
790 1857 878 1896 coner.
949 1856 996 1895 1170

141 1916 191 1970 sed
208 1922 300 1971 tamen
319 1923 378 1972 esto
396 1920 449 1972 iam
468 1921 610 1986 quantovis
628 1919 684 1972 oris
701 1919 810 1985 honoro,

142 1993 185 2047 eui
204 1993 319 2048 Veneris
337 1995 467 2049 membris
484 1997 525 2050 vis
543 1996 667 2050 omnibus
684 1995 835 2049 exoriatur:

142 2086 239 2139 nempe
251 2070 320 2124 aliae
332 2088 439 2140 quoque
452 2076 531 2139 sunt;
543 2089 641 2144 nempe
653 2071 704 2126 hac
718 2071 775 2126 sine
787 2070 904 2124 viximus
916 2073 996 2135 ante;

142 2162 240 2215 nempe
258 2147 355 2200 eadem
372 2148 445 2216 facit,
465 2152 494 2202 et
512 2151 611 2204 scimus
628 2149 725 2214 facero,
744 2147 834 2201 omnia
851 2146 933 2216 turpi,

142 2225 172 2275 et
189 2222 315 2275 miseram
334 2224 431 2277 taetris
449 2241 478 2278 se
496 2225 569 2278 suffit
588 2224 716 2277 odoribus
735 2224 794 2294 ipsa
949 2235 997 2277 1155

141 2314 223 2365 quam
240 2297 357 2350 famulae
375 2299 455 2366 longe
472 2299 593 2366 fugitant
610 2300 760 2367 furtimque
778 2298 945 2358 cachinnant.

141 2377 170 2426 at
188 2373 331 2427 lacrimans
349 2375 474 2428 exclusus
492 2380 598 2429 amator
615 2375 708 2427 limina
725 2391 806 2442 saepe

141 2449 253 2502 floribus
271 2453 300 2502 et
318 2451 399 2504 sertis
417 2452 507 2520 operit
523 2451 665 2520 postisque
683 2449 814 2519 superbos

140 2524 239 2592 unguit
257 2526 409 2580 amaracino
428 2531 457 2581 et
474 2527 578 2581 foribus
595 2527 678 2580 miser
696 2526 787 2580 oscula
804 2525 878 2592 figit3

142 2617 224 2669 quem
237 2601 267 2668 si,
280 2602 334 2655 iarn
346 2603 514 2671 ammissum,
528 2603 681 2657 venientem
694 2602 838 2655 offenderit
849 2616 916 2653 aura
952 2614 999 2652 nae

140 2693 195 2730 una
212 2677 300 2745 modo,
319 2693 413 2733 causas
431 2679 549 2733 abeundi
567 2683 682 2748 quaerat
699 2678 834 2744 honestas,

141 2757 170 2808 55
188 2752 321 2807 meditata
339 2755 386 2808 diu
404 2755 484 2810 eadat
501 2756 557 2810 alte
576 2759 685 2826 sumpta
702 2755 829 2824 querella,

139 2829 326 2898 stultitiaeque
344 2831 381 2884 ibi
399 2849 428 2885 se
445 2832 565 2900 damnet,
582 2831 711 2886 tribuisse
729 2830 804 2900 quod
820 2829 860 2883 illi

140 2905 202 2975 plus
220 2906 313 2960 videat
331 2925 412 2974 quam
430 2908 538 2962 mortali
557 2907 705 2961 concedere
722 2923 773 2976 par
790 2909 841 2960 555.

140 2999 191 3036 nee
209 2982 332 3038 Veneres
350 2990 458 3040 nostras
475 2985 526 3038 hoo
544 2985 630 3049 falht;
647 3000 701 3052 quo
719 2983 806 3052 magis
823 2982 899 3052 ipsae
951 2997 999 3036 nst
1075 2993 1077 2998 '

141 3058 231 3112 omnia
248 3077 352 3114 summo
370 3078 453 3131 opere
471 3061 520 3115 hos
537 3061 610 3114 vitae
627 3060 771 3129 poscaenia
788 3059 878 3114 celant

141 3151 208 3202 quos
226 3137 344 3192 retinere
362 3137 458 3193 volunt
476 3137 677 3206 adstrictosque
695 3153 755 3190 esso
771 3136 799 3190 in
816 3153 917 3206 amore,

141 3211 312 3280 nequiquam,
330 3215 456 3284 quoniam
474 3217 506 3268 tu
524 3213 613 3266 animo
630 3216 723 3267 tamen
740 3201 837 3268 omnia'
846 3213 935 3284 possis
