2234 3526
75 111 131 167 150
490 109 520 164 V

71 213 163 267 ulcisci
181 228 263 280 quem
281 227 352 266 nunc
369 215 554 266 concessumst
573 212 680 281 legibus
698 214 801 282 aequis,

71 288 141 342 hanc
153 288 188 341 ob
196 305 254 341 rem
262 290 305 339 est
313 286 437 339 homiues
447 291 604 355 pertaesum
615 290 639 339 vi
649 289 738 342 colere
748 306 849 344 aevom.
880 303 929 343 1111

71 365 135 417 iude
153 367 243 417 metus
260 362 379 415 maculat
397 379 546 430 poenarum
565 367 686 431 praemia
704 366 784 418 vitae.

71 440 237 494 circumretit
255 439 328 491 euim
346 437 387 491 vis
405 442 489 506 atque
507 439 605 492 iniuria
624 457 759 508 quemque

72 519 162 585 atque,
181 515 253 568 unde
272 518 401 581 exortust,
420 514 537 568 adeum
555 515 717 584 plerumque
735 519 858 585 revertit,

72 608 122 645 nce
138 591 245 646 facilest
262 590 397 659 placidam
416 607 447 644 ac
465 594 590 659 pacatam
609 591 711 659 degere
729 595 814 648 vitum

73 669 119 736 qui
137 668 220 720 violat
237 667 317 721 factis
335 668 487 720 communia
505 667 617 720 foedere
634 669 717 737 pacis.
881 688 929 726 1155

73 745 125 798 etsi
142 744 212 798 fallit
231 745 303 798 enim
322 745 414 798 divom
431 761 518 812 genus
536 743 746 812 humanumque,

74 824 205 888 perpetuo
223 823 315 874 tamen
333 820 363 873 id
381 820 440 872 fore
457 819 527 872 clam
545 819 671 873 diffidere
689 820 789 886 debet3

74 897 174 965 quippe
193 896 239 950 ubi
257 914 287 950 se
304 896 383 949 multi
401 913 451 964 per
469 896 573 948 somnia
591 912 672 964 saepe
690 896 834 965 loquentes

73 977 121 1026 eut
138 972 232 1026 morbo
250 972 399 1026 delirantes
416 970 547 1040 protraxe
564 971 690 1025 ferantur

74 1052 103 1102 ot
120 1049 207 1102 celata
224 1049 302 1102 mala
319 1050 347 1100 in
365 1049 487 1102 medium
505 1052 534 1100 et
551 1052 663 1116 peccata
681 1047 812 1118 dedisse]
880 1063 929 1101 1111

108 1125 188 1177 Nunc
206 1141 275 1194 quae
293 1141 374 1178 causa
392 1124 474 1177 deum
492 1140 543 1192 per
560 1140 672 1192 magnas
691 1124 801 1177 numina
818 1123 910 1192 gentis

74 1200 242 1269 pervulgarit
260 1204 289 1254 et
306 1217 412 1254 ararum
432 1200 609 1268 compleverit
627 1199 703 1253 urbis

76 1276 301 1344 suscipiendaque
319 1277 423 1330 curarit
442 1276 582 1329 sollemnia
600 1291 685 1343 sacra,

74 1368 144 1419 quae
162 1369 232 1405 nunc
250 1353 277 1404 in
295 1352 401 1420 maguis
419 1351 517 1405 florent
535 1368 612 1404 sacra
629 1351 706 1405 rebu'
724 1351 852 1420 locisque,

74 1427 149 1481 unde
166 1428 249 1481 etiam
267 1445 339 1481 nune
357 1432 400 1481 cst
417 1426 580 1480 mortalibus
597 1428 696 1480 insitus
714 1427 812 1480 horror
881 1442 927 1480 uos

75 1505 122 1573 qui
139 1504 254 1557 delubra
272 1504 353 1558 deum
372 1520 441 1556 nova
459 1507 518 1556 toto
537 1504 652 1556 suscitat
670 1502 736 1556 orbi

74 1583 209 1634 terrarum
228 1583 257 1633 et
274 1581 353 1633 festis
371 1580 445 1647 cogit
463 1579 603 1633 celebrere
621 1578 727 1646 diebus,

75 1673 128 1709 uon
146 1656 186 1710 ita
203 1656 339 1709 difficilest
357 1657 491 1709 rationem
509 1654 627 1708 reddere
645 1654 743 1708 verbis.

77 1733 176 1801 quippe
194 1732 296 1786 etenim
314 1733 367 1786 iam
385 1735 445 1785 tum
463 1732 554 1784 divom
572 1731 700 1785 mortalia
718 1731 807 1785 saecla

25 1859 30 1884 7
76 1809 200 1876 egregias
217 1809 307 1861 auimo
325 1808 408 1861 facies
426 1807 556 1875 vigilante
574 1807 705 1861 videbant
882 1819 928 1862 1111

76 1889 105 1938 11
122 1885 208 1951 magis
225 1884 252 1937 iu
271 1886 372 1937 somnis
389 1884 513 1936 mirando
532 1883 653 1952 corporis
671 1891 760 1936 auctu.

76 1961 118 2012 his
136 1960 221 2026 igitur
238 1976 346 2013 sensum
365 1958 523 2012 tribuebant
541 1964 688 2029 propterea
705 1959 779 2026 quod

77 2035 200 2088 membra
217 2051 325 2088 movere
343 2035 507 2088 videbantur
525 2053 660 2103 vocesque
678 2034 809 2103 superbas

77 2112 187 2165 mittere
205 2127 255 2179 pro
272 2110 341 2164 facie
357 2110 499 2180 praeclara
517 2116 547 2166 11
564 2112 667 2165 viribus
685 2111 788 2179 amplis.

77 2193 272 2255 aeternamque
290 2187 394 2242 dabant
411 2188 504 2255 vitam,
523 2189 587 2257 quia
605 2205 713 2257 semper
731 2203 824 2240 eorum
880 2201 928 2241 1111

78 2263 305 2334 subpeditabatur
322 2264 405 2318 facies
423 2269 452 2318 11
469 2264 557 2318 forma
575 2264 711 2330 manebat,

78 2345 107 2395 et
125 2345 217 2396 tamen
234 2341 342 2395 omnino
359 2341 433 2410 quod
451 2342 535 2395 tantis
552 2341 656 2394 viribus
673 2343 768 2394 auctus

79 2434 132 2469 non
149 2421 254 2472 temere
271 2417 328 2471 ulle
343 2418 370 2470 vi
388 2418 510 2471 convinci
528 2433 607 2485 posse
624 2417 767 2486 putabant.

77 2493 249 2562 fortunisque
267 2493 329 2546 ideo
347 2494 426 2561 longe
444 2498 585 2561 praestare
603 2491 746 2562 putabant,

79 2570 152 2638 quod
165 2570 261 2623 mortis
273 2570 356 2623 timor
367 2569 435 2622 haut
448 2585 612 2637 quemquem
624 2572 738 2623 vexaret
749 2585 851 2636 eorum,
881 2581 929 2621 1111

78 2649 107 2699 11
125 2646 204 2699 simul
222 2645 250 2699 iu
267 2646 367 2699 somnis
378 2645 449 2714 quia
468 2645 554 2698 multa
571 2649 600 2699 ct
616 2645 686 2698 mire
703 2644 834 2699 videbant

79 2722 185 2777 efficere
203 2726 232 2776 et
249 2722 353 2775 nullum
371 2738 470 2790 capere
487 2722 562 2791 ipsos
578 2721 644 2776 inde
661 2720 791 2776 laborem.

78 2803 223 2870 praeterea
241 2798 308 2852 caeli
326 2797 445 2851 rationes
463 2797 560 2850 ordine
578 2800 653 2851 certo

78 2879 107 2928 11
124 2875 198 2928 varia
215 2891 347 2928 annorum
365 2873 513 2928 cernebant
531 2876 655 2941 tempora
672 2870 744 2928 verti

78 2967 128 3006 nec
146 2956 275 3020 poterant
291 2950 390 3020 quibus
407 2950 437 3004 id
454 2951 533 3003 lieret
550 2965 712 3016 cognoscere
730 2949 825 3004 causis.
881 2961 929 3001 1111

79 3043 144 3094 ergo
162 3027 316 3095 perfugium
334 3025 386 3079 sibi
404 3026 544 3079 habebant
562 3025 652 3078 omnia
669 3025 739 3079 divis

78 3102 189 3155 tradere
207 3107 236 3155 ct
253 3103 360 3155 illorum
378 3105 448 3154 nutu
467 3103 556 3166 iacere
574 3102 664 3155 omnia
681 3101 762 3156 flecti.

77 3176 107 3231 iu
124 3177 252 3245 caeloque
269 3178 350 3230 deoru
369 3176 449 3230 sedes
466 3181 496 3230 11
513 3176 616 3245 templa
632 3177 764 3244 locarunt,
