2234 3526
538 145 586 199 Vl
928 145 980 202 167

138 266 250 320 corpora
267 263 337 318 quae
353 245 441 317 plagis
458 245 607 301 incendunt
624 247 809 301 mobilitatem.

136 326 332 394 incolumisque
349 325 423 378 veuit
440 340 552 392 porres
569 326 652 391 atquc
668 324 775 391 integra
792 324 891 378 transit

136 405 229 470 musta,
248 400 423 456 foraminibus
440 399 561 468 liquidus
578 400 642 468 quia
659 401 808 453 transvolat
824 400 899 467 ignis¹

137 481 276 547 multaque
294 478 411 547 perligit,
430 495 492 531 cum
510 494 623 545 corpora
640 477 759 529 fulminis
776 477 834 544 ipsu
948 490 984 529 aso

137 556 295 625 corporibus
313 571 405 607 rerum
422 554 585 620 inciderunt,
604 570 658 622 qua
675 556 752 606 texta
769 556 902 606 tenentur.

137 632 262 686 dissoluit
279 647 360 700 porro
377 625 457 684 facile
474 647 521 684 aes
538 646 688 696 aurumque
705 633 818 698 repente

137 708 337 772 confervefacit,
356 724 372 760 e
390 708 481 777 parvis
498 707 562 776 quia
579 707 651 760 facta
667 705 771 759 minute

138 785 294 854 corporibus
311 784 352 837 vis
369 788 413 837 est
430 787 458 838 et
475 783 580 838 levibus
597 800 631 836 ex
650 781 797 845 clementis,

137 878 207 930 quae
223 860 302 914 facile
318 859 488 914 insinuantur
507 863 536 914 et
554 859 692 913 insinuata
709 861 823 927 repente
950 872 986 910 aso

137 937 286 991 dissoluont
303 936 388 990 nodos
405 937 493 990 omnis
511 940 541 990 et
558 935 645 989 vincla
663 936 794 988 relaxant.

138 1017 322 1082 autumnoque
339 1012 426 1081 magis
444 1012 530 1067 stellis
548 1012 716 1080 fulgentibus
734 1013 798 1079 apta

137 1091 292 1144 concutitur
308 1089 376 1143 caeli
394 1090 491 1143 domus
508 1089 629 1158 undiquc
647 1092 760 1156 totaque
777 1085 865 1152 tellus,

139 1168 245 1219 etcum
263 1169 387 1235 tempora
403 1183 433 1219 se
450 1166 522 1219 veris
540 1165 665 1219 florentia
682 1164 812 1234 pandunt.

137 1242 238 1309 frigore
256 1243 328 1296 eninr
346 1242 446 1295 desunt
463 1243 540 1310 ignes
559 1243 688 1310 ventique
706 1240 796 1294 calore
951 1252 987 1291 suo

56 1368 58 1376 ,
138 1317 267 1372 deficiunt
284 1335 374 1387 nequo
392 1321 456 1371 sunt
473 1322 530 1372 tarn
549 1318 633 1371 denso
651 1334 764 1386 corpore
781 1317 891 1372 nubes..

137 1392 327 1462 interutraque
344 1393 429 1462 igitur
447 1411 515 1448 cum.
527 1394 595 1448 caeli
613 1397 737 1462 tempora
754 1395 885 1457 coustant,

138 1471 197 1523 tum
213 1471 303 1524 variae
320 1486 417 1524 causae
435 1474 598 1525 concurrunt
616 1469 734 1523 fulminis
751 1485 851 1522 ornnes.
910 1495 913 1502 ·

137 1563 201 1599 nam
217 1546 304 1600 fretus
322 1546 381 1616 ipse
398 1547 461 1599 anni
478 1547 624 1617 permiscet
641 1546 728 1613 frigus
744 1551 769 1598 cl
786 1548 899 1612 aestum,

126 1638 253 1690 ,quorum
259 1625 405 1691 utrumque
412 1639 478 1691 opus
486 1627 529 1676 est
536 1622 695 1677 fabricanda
702 1621 737 1674 ad
744 1621 858 1674 fulmina
864 1621 937 1688 nubi,
949 1636 984 1675 sco

137 1702 170 1751 ut
188 1697 323 1752 discordia
338 1699 376 1751 sit
393 1716 484 1752 rerum
503 1716 654 1768 magnoque
671 1696 791 1752 tumultu

137 1773 246 1841 ignibus
263 1777 292 1828 et
310 1775 397 1828 ventis
414 1775 577 1829 furibundus
594 1776 708 1830 fluctuet
725 1791 779 1828 aer.

138 1849 227 1919 prima
244 1851 339 1903 caloris
357 1851 428 1904 enim
446 1868 510 1920 pars
528 1856 557 1907 et
574 1855 712 1922 postrema
729 1851 833 1920 rigoris,
850 1885 852 1890 ·

1 1923 2 1926 ’
103 1989 105 1994 Ι
138 1929 248 1994 tempus
266 1926 295 1978 id
313 1929 355 1980 est
373 1943 500 1993 vernum;
518 1945 602 1996 quare
620 1945 742 1999 pugnare
759 1930 897 1982 necessest

2 2005 3 2010 ’
35 2041 37 2047 .
138 2001 277 2054 dissimilis
295 2019 339 2055 rcs
356 2003 428 2057 inter
447 2021 476 2058 se
494 2005 661 2075 turbareque
679 2005 785 2076 mixtas.
949 2019 985 2060 350

139 2081 168 2131 et
185 2078 258 2131 calor
276 2082 415 2132 extremus
433 2082 520 2150 primo
539 2099 600 2136 cum
618 2083 720 2150 frigore
738 2082 840 2136 mixtus

139 2153 264 2220 volvitur,
284 2156 407 2208 autumni
425 2157 499 2224 quod
516 2159 603 2211 fertur
620 2158 728 2212 nomine
746 2161 861 2226 tempus,

138 2229 181 2283 hic
200 2246 307 2297 quoquc
325 2231 474 2300 confligunt
491 2233 594 2286 hiemes
612 2233 760 2287 aestatibus
778 2249 861 2286 acres.

137 2311 286 2375 propterca
296 2307 377 2370 fretu
396 2312 458 2361 sunt
476 2309 543 2362 haec
561 2309 624 2361 anni
642 2308 835 2375 nominitauda,

138 2397 188 2435 nec
205 2381 339 2448 mirumst,
356 2383 383 2435 in
402 2400 435 2436 eo
454 2385 476 2436 si
494 2388 619 2453 tempore
636 2384 753 2454 plurima
770 2384 840 2437 fiunt
951 2395 986 2436 ars

138 2457 252 2511 fulmina
269 2461 473 2528 tempestasque
491 2461 581 2514 cietur
598 2459 708 2514 turbida
725 2459 807 2526 caelu,

138 2533 249 2602 ancipiti
268 2535 393 2601 quoniam
412 2536 483 2589 bello
500 2537 628 2591 turbatur
645 2536 791 2604 utrimque,

139 2610 202 2664 hinc
220 2609 335 2663 flammis
353 2611 427 2667 illinc
445 2615 533 2668 voratis
551 2630 699 2682 umoreque
718 2613 810 2666 mixto.

174 2686 234 2738 Hoc
253 2688 296 2739 est
312 2687 420 2754 igniferi
437 2689 562 2745 naturam
579 2690 699 2744 fulminis
717 2690 803 2758 ipsam

138 2762 292 2831 perspicere
311 2767 340 2816 et
359 2768 456 2834 quavi
473 2768 555 2821 faciat
572 2784 632 2821 rem
650 2783 784 2837 quamque
801 2765 903 2831 videre,
949 2780 986 2818 ssu

138 2855 191 2891 non
210 2838 347 2906 Tyrrhena
365 2847 440 2896 retro
457 2845 609 2898 volventem
628 2843 747 2897 carmina
764 2843 866 2894 fmstra

137 2915 239 2968 indicia
256 2916 378 2971 occultae
397 2920 488 2974 divum
506 2922 664 2991 perquirere
682 2920 789 2988 mentis,

137 2991 211 3044 unde
229 2991 321 3045 volans
338 2994 408 3062 ignis
426 2999 581 3066 pervenerit
599 2997 692 3052 autin
710 3001 800 3050 utram
818 3011 847 3048 se

138 3067 254 3120 verterit
271 3065 333 3122 hinc
350 3073 459 3140 partim,
477 3091 530 3143 quo
547 3077 628 3142 pacto
645 3090 695 3143 per
712 3074 771 3126 loca
788 3075 884 3141 saepta

138 3143 286 3210 insinuarit,
304 3148 333 3199 et
351 3147 413 3204 hinc
431 3151 585 3204 dominatus
603 3153 636 3203 ut
653 3149 781 3204 extulerit
799 3165 835 3217 se,
950 3162 986 3202 sss

139 3219 239 3290 quidve
256 3235 354 3276 nocere
373 3231 456 3295 queat
475 3226 509 3279 de
526 3227 601 3280 caelo
618 3226 737 3280 fulminis
753 3226 830 3286 ictus.
