2234 3526
108 125 173 184 1⁷4·
502 123 551 178 VI
575 145 576 149 ¹

105 233 248 300 praeterea
266 228 345 282 docui
362 227 476 280 multum
495 243 603 296 quoque
620 226 716 280 tollere
734 225 821 281 nubes

105 322 227 360 umorem
244 319 342 372 magno
359 306 520 371 conceptum
538 320 573 356 ex
591 319 709 370 aequore
727 304 802 372 pont'

106 386 135 436 et
153 382 255 452 passim
273 383 332 434 toto
350 383 486 433 terrarum
504 395 634 448 spargere
652 379 679 432 in
697 380 763 446 orbi,

108 475 169 513 cum
186 458 257 526 pluit
274 457 301 510 in
319 456 401 511 terris
419 460 449 508 et
466 455 541 509 venti
559 455 653 509 nubila
671 459 789 524 portant.
922 473 960 513 uro

18 573 24 588 .
107 538 243 604 postremo
261 532 389 603 quoniam
406 548 468 585 raro
485 549 547 586 cum
565 549 678 600 corpore
696 531 778 586 tellus

108 613 158 675 est,
176 614 205 663 et
222 610 399 673 coniunctast,
417 624 478 661 oras
496 609 577 661 maris
596 607 717 674 undique
736 608 855 676 cingens,

108 687 201 753 debet,
218 691 250 739 ut
267 685 295 738 in
312 702 388 739 mare
406 684 442 738 de
459 685 542 737 terris
560 685 634 737 venit
651 700 731 736 umor
747 684 835 751 aquai,

106 762 134 816 in
151 766 239 816 terras
256 761 352 816 itidem
371 776 481 814 manare
499 776 534 813 ex
552 776 669 828 aequore
687 758 773 824 salso}

108 838 261 908 percolatur
279 838 351 891 enim
368 837 441 890 virus
459 840 587 905 retroque
605 840 729 890 remanat
923 850 960 889 aaa

108 915 235 968 nrateries
253 914 354 968 umoris
372 918 402 967 et
419 913 456 966 ad
473 918 555 981 caput
572 913 697 966 amnibus
715 913 802 966 omnis
865 912 869 920 '

108 991 227 1058 confluit²
243 990 408 1065 indesuper
425 993 514 1043 terras
532 988 606 1042 redit
623 989 730 1056 agmine
748 989 820 1042 dulci

107 1083 161 1135 qna
178 1067 221 1120 via
238 1069 312 1120 secta
329 1066 412 1119 semel
430 1065 534 1134 liquido
551 1065 622 1134 pede
640 1065 741 1119 detulit
758 1064 866 1134 undas]

142 1143 167 1195 N
169 1159 221 1196 unc
238 1143 308 1196 ratio
325 1157 395 1209 quae
413 1142 457 1208 sit,
474 1158 525 1211 per
542 1141 633 1196 fauces
650 1141 749 1195 montis
765 1144 798 1195 ut
816 1144 925 1195 Aetnae

108 1219 234 1289 expirent
250 1219 327 1285 ignes
344 1218 482 1271 interdum
500 1217 610 1273 turbine
628 1220 713 1286 tanto,
919 1233 958 1270 olo

109 1295 260 1364 expediam.
277 1311 367 1363 neque
384 1295 456 1348 enim
473 1294 603 1348 mediocri
621 1294 699 1348 clade
716 1298 810 1348 coorta

109 1371 233 1424 flammea
250 1373 402 1440 tempestas
420 1371 541 1424 Siculum
559 1369 697 1424 dominata
714 1387 765 1439 per
782 1387 862 1438 agros

16 1459 20 1468 ·
110 1447 230 1500 finitimis
247 1447 283 1500 ad
302 1464 332 1501 se
349 1448 484 1502 convertit
501 1446 629 1515 gentibus
646 1463 701 1514 ora,

108 1523 213 1576 fumida
229 1539 290 1576 cum
309 1523 376 1578 caeli
395 1523 543 1577 scintillare
560 1523 651 1576 omnia
667 1523 770 1589 templa
876 1539 881 1548 ·

109 1604 251 1654 cernentes
269 1600 368 1669 pavida
386 1600 559 1669 complebant
575 1603 687 1668 pectora
703 1615 776 1662 cura
922 1615 959 1652 aas

110 1676 176 1744 quid
193 1676 335 1730 moliretur
352 1693 444 1730 rerum
462 1680 561 1730 natura
578 1691 715 1728 novarum.

146 1753 229 1806 Hisce
247 1752 297 1806 tibi
313 1753 341 1805 in
359 1752 441 1805 rebus
459 1753 542 1805 latest
560 1752 668 1818 alteque
686 1751 832 1805 videndum

110 1831 139 1882 et
156 1828 234 1895 longe
252 1832 363 1881 cunctas
381 1828 409 1880 in
427 1829 513 1896 partis
531 1827 735 1896 dispiciendum,

108 1907 140 1956 ut
157 1903 339 1956 reminiscaris
357 1920 489 1956 summam
507 1920 598 1956 rerum
616 1920 677 1958 esse
694 1903 858 1972 profundam

109 1981 138 2032 et
154 1978 248 2032 videas
265 1978 369 2031 caelum
388 1979 502 2031 summai
520 1979 605 2032 totius
622 1996 706 2032 unum
924 1993 961 2031 aso

109 2054 243 2124 quamsit
260 2054 371 2122 parvula
388 2071 452 2122 pars
469 2057 499 2108 et
516 2071 598 2122 quam
615 2055 771 2109 multesima
787 2058 895 2110 constet

110 2148 160 2185 nec
177 2134 238 2185 tota
253 2147 325 2199 pars,
345 2130 426 2184 homo
443 2131 528 2184 terrai
545 2135 630 2198 quota
646 2131 731 2185 totius
748 2133 825 2185 unus.

110 2207 184 2276 quod
200 2208 270 2261 benc
287 2207 457 2276 propositum
475 2207 498 2261 si
514 2207 595 2276 plane
612 2211 759 2262 contueare

111 2303 142 2339 ac
159 2285 252 2344 videas
269 2284 358 2353 plane,
375 2284 468 2336 mirari
485 2284 572 2338 multa
589 2284 733 2353 relinquas.

110 2363 237 2430 numquis
254 2361 325 2414 enim
343 2365 466 2416 nostrum
484 2361 599 2430 miratur
617 2361 701 2429 siquis
717 2361 745 2414 in
763 2363 839 2414 artus
926 2373 962 2411 65⁵

110 2439 213 2506 accepit
231 2437 318 2492 calido
336 2437 434 2491 febrim
451 2438 557 2490 fervore
575 2441 695 2491 coortam

111 2517 159 2568 aut
176 2514 258 2567 alium
277 2513 398 2581 quemvis
415 2513 504 2567 morbi
521 2530 570 2582 per
588 2513 710 2566 membra
728 2512 865 2566 dolorcml

111 2590 279 2658 opturgescit
297 2589 369 2643 enim
388 2589 478 2644 subito
495 2606 552 2658 pes,
569 2590 666 2657 arripit
683 2606 747 2643 acer

112 2682 193 2734 saepe
212 2666 292 2724 dolor,
306 2665 410 2731 dentes,
429 2665 520 2719 oculos
537 2666 642 2719 invadit
660 2666 687 2718 in
704 2666 785 2734 ipsos,

112 2742 205 2795 existit
224 2759 300 2795 sacer
316 2742 387 2810 ignis
404 2745 434 2796 et
451 2741 506 2795 urit
524 2758 637 2810 corpore
655 2758 766 2811 serpens
926 2756 962 2794 ceo

112 2833 309 2886 quamcumque
328 2818 442 2886 arripuit
460 2818 568 2886 partim,
586 2819 710 2886 repitque
728 2835 778 2888 per
795 2823 878 2884 artus,

112 2893 239 2946 nimirum
259 2894 323 2961 quia
340 2898 404 2952 sunt
421 2894 569 2948 multarum
586 2894 689 2948 semina
705 2911 806 2960 rerum,

113 2970 142 3020 et
160 2969 225 3021 satis
242 2969 309 3024 haec
327 2970 409 3024 tellus
426 2971 503 3024 nobis
520 2969 680 3038 caelumque
697 2970 762 3024 mali
779 2970 848 3039 sert.

112 3041 185 3094 unde
203 3047 286 3110 queat
306 3046 346 3099 ris
363 3046 488 3100 immensi
505 3062 677 3115 procrescere
694 3047 788 3100 morbi.

112 3116 150 3169 sic
168 3117 251 3182 igitur
269 3121 319 3173 toti
330 3122 410 3175 'eaelo
428 3125 574 3190 terraeque
590 3123 770 3191 putandumst
928 3135 963 3175 tos

113 3207 147 3243 ex
164 3191 269 3245 infinito
289 3194 357 3249 satis
373 3197 462 3249 omnia
480 3197 660 3265 suppeditare,
