2234 3526
117 117 177 199 rso
523 114 554 171 v
591 97 594 102 “
830 91 840 102 “
972 147 976 156 -
1107 89 1111 118 ¹

116 236 278 289 perparvom
298 218 430 287 quiddam
447 219 587 273 interdum
605 225 712 275 mutare
730 220 841 275 videtur

117 297 232 350 alteram
250 297 341 348 utram
359 293 388 346 in
405 298 513 363 partem
531 295 615 363 filum,
633 312 686 365 quo
704 297 810 364 longius
826 297 941 364 absunt;
1106 129 1111 368 i

71 387 103 420 ar
117 373 188 427 scire
205 371 270 424 licet
288 386 422 438 perquam
439 371 558 440 pauxillo
576 389 657 441 posse
675 372 793 426 minores
934 389 973 429 ceo

117 465 177 502 csse
195 447 239 500 vel
257 446 357 514 exigua
374 447 483 500 maioris
500 451 579 516 parte
597 448 737 517 brevique.

71 533 103 564 ⁵⁹⁹
153 523 227 577 illud
245 523 312 577 item
329 539 384 576 non
402 527 445 576 est
463 523 623 591 mirandum,
642 542 697 592 qus
714 526 820 580 ratione

117 599 239 653 tantulus
257 599 303 653 ille
322 602 406 668 queat
424 602 532 652 tantum
551 599 591 653 sol
609 600 722 655 mittere
740 601 839 668 lumen,

84 713 88 720 -
117 676 192 744 quod
209 677 295 729 maria
312 693 344 729 ac
361 678 451 728 terras
469 675 555 728 omnis
573 677 733 746 caelumque
750 677 865 746 rigando

118 751 253 820 compleat
270 755 300 805 et
317 750 406 804 calido
423 751 572 820 perfundat
590 756 687 807 cuncta
703 770 812 823 vapore.
933 770 970 809 usa

70 843 102 877 su
117 843 180 880 uam
198 827 263 881 licet
280 827 343 881 hinc
360 828 456 898 mundi
474 828 645 896 patefactum
663 830 749 883 totius
766 847 850 883 unum

115 902 270 970 largifluum
288 905 392 957 fontem
410 908 517 958 scatere
536 907 618 973 atque
637 921 779 973 erumpere
797 905 896 971 lumen,

116 996 151 1033 ox
169 980 241 1033 omni
259 979 362 1032 mundo
381 980 445 1048 quia
463 979 502 1033 sic
520 979 656 1034 elementa
672 981 780 1050 vaporis

110 1055 235 1124 ‚undique
253 1056 416 1110 conveniunt
434 1056 520 1110 etsie
538 1057 677 1111 coniectus
695 1074 788 1111 corum
931 1072 969 1112 ooo

115 1132 233 1198 confluit,
253 1148 287 1184 ex
306 1131 468 1201 uno'capite
484 1131 529 1186 hic
546 1136 578 1187 ut
596 1134 713 1200 profluat
732 1134 820 1187 ardor.

39 1245 41 1250 -
114 1225 204 1262 nonne
221 1207 297 1262 vides
316 1209 399 1262 etiam
418 1225 501 1277 quam
519 1207 575 1262 late
592 1225 692 1276 parvus
710 1210 790 1279 aquai

114 1289 194 1352 prata
211 1285 282 1352 riget
300 1285 361 1338 fons
378 1285 518 1339 interdum
536 1286 692 1354 campisque
710 1285 866 1339 redundet?

115 1363 158 1414 est
175 1361 257 1414 etiam
275 1377 384 1429 quoque
401 1362 442 1414 uti
459 1378 512 1414 non
530 1378 628 1429 magno
647 1362 711 1415 solis
729 1361 764 1415 ab
781 1361 838 1428 igni

114 1450 179 1490 aera
195 1437 327 1506 percipiat
346 1437 442 1491 calidis
459 1437 612 1491 fervoribus
630 1437 720 1507 ardor,
929 1452 966 1492 ooo

114 1516 282 1581 opportunus
300 1513 340 1566 ita
358 1517 401 1567 est
418 1513 441 1566 si
458 1514 530 1566 lorte
548 1517 577 1566 et
594 1513 708 1568 idoneus
726 1529 781 1579 aer,

113 1591 146 1642 ut
163 1592 247 1656 queat
264 1589 376 1642 accendi
393 1589 486 1659 parvis
504 1588 647 1642 ardoribus
665 1591 750 1657 ictus;

114 1665 188 1733 quod
204 1681 291 1732 genus
308 1665 447 1719 interdum
467 1670 575 1732 segetes
593 1666 775 1735 stipulamque
793 1667 918 1721 videmus

103 1740 244 1800 ¹accedere
261 1757 296 1793 ex
314 1757 368 1794 una
386 1741 502 1795 scintilla
519 1741 644 1794 incendia
661 1743 769 1811 passim.

113 1817 227 1870 forsitan
245 1820 274 1870 et
292 1833 371 1870 roseo
388 1816 428 1870 sol
445 1817 501 1870 alte
519 1816 645 1886 lampade
661 1818 757 1872 lucens
927 1833 964 1870 sio

112 1892 252 1960 possideat
270 1893 387 1947 multum
405 1892 492 1947 caecis
509 1893 660 1948 fervoribus
678 1894 768 1962 ignem

112 1970 213 2022 circum
232 1987 268 2034 se,
287 1969 362 2024 nullo
380 1969 426 2038 qui
445 1969 481 2022 sit
498 1969 604 2036 fulgore
622 1973 740 2037 notatus,

112 2046 222 2099 aestifer
240 2049 272 2099 ut
289 2049 397 2099 tantum
415 2044 554 2098 radiorum
573 2050 707 2113 exaugeat
725 2047 816 2098 ictum.

146 2122 205 2175 Neo
222 2122 293 2185 ratio
313 2121 376 2174 solis
396 2121 510 2189 simplex
528 2129 554 2174 ct
572 2125 647 2174 certa
665 2121 790 2190 patescit,

112 2215 166 2266 quo
184 2201 263 2266 pacto
281 2197 392 2251 aestivis
411 2213 426 2250 e
444 2196 568 2264 partibus
587 2199 755 2264 aegocerotis
927 2209 963 2248 arc

111 2273 241 2327 brumalis
259 2273 341 2327 adeat
359 2272 445 2326 flexus
464 2276 548 2340 atque
566 2273 630 2325 inde
649 2277 791 2326 revertens

111 2351 200 2403 cancri
219 2367 247 2402 sc
264 2353 296 2404 ut
314 2353 405 2403 uertat
422 2352 510 2403 metas
527 2347 564 2402 sd
582 2348 739 2414 solstitialis,

20 2446 21 2450 ¹
110 2425 227 2493 lunaque
244 2426 382 2479 mensibus
398 2425 429 2478 id
447 2425 564 2493 spatium
583 2425 711 2478 videatur
728 2424 811 2490 obire,

110 2519 199 2555 annua
217 2502 256 2555 sol
273 2503 301 2555 in
319 2519 374 2570 quo
392 2501 526 2556 consumit
543 2505 669 2570 temporo
686 2518 774 2554 cursu.

109 2595 171 2645 non,
188 2579 306 2645 inquam,
326 2578 440 2646 simplex
457 2577 500 2630 his
519 2578 601 2631 rebus
619 2576 730 2630 reddita
747 2581 862 2630 causast.
926 2591 963 2630 62⁰
997 2577 1002 2584 '

108 2671 172 2707 nam
190 2655 249 2708 fieri
267 2655 310 2708 vcl
328 2671 389 2708 cunr
407 2654 502 2724 primis
519 2653 549 2706 id
566 2671 646 2723 posse
663 2653 781 2719 videtur,

109 2731 259 2785 Democriti
277 2732 352 2799 quod
370 2734 464 2784 sancta
481 2731 532 2784 viri
550 2730 687 2783 sententia
704 2729 788 2798 ponit,

109 2811 210 2872 quanto
229 2824 352 2876 quaeque
371 2808 456 2876 magis
474 2807 529 2860 sint
545 2810 649 2860 terram
668 2805 760 2858 sidera
776 2807 897 2872 propter,

108 2886 185 2937 tanto
203 2901 283 2951 posse
301 2902 390 2938 nunus
407 2881 470 2937 cuni
487 2881 555 2936 caeli
573 2881 683 2936 turbine
700 2881 772 2934 ferri.

108 2977 269 3016 evanescere
287 2963 358 3016 eninr
376 2960 487 3029 rapidas
504 2959 577 3012 illius
595 2962 624 3012 et
642 2958 710 3012 acris
924 2970 961 3010 eae

65 3074 75 3088 ,.
108 3035 230 3089 imminui
249 3041 345 3106 supter
362 3037 433 3100 vrris,
451 3036 569 3104 ideoque
587 3034 703 3103 relinqui

107 3111 239 3178 paulatim
258 3114 340 3165 solem
360 3129 420 3166 cum
439 3109 628 3179 posterioribu’
649 3109 740 3177 signis,

107 3185 218 3238 inferior
235 3187 321 3238 multo
340 3187 414 3254 quod
433 3187 469 3238 sit
487 3201 569 3253 quam
587 3185 690 3238 fervida
708 3185 793 3250 signa.
