2252 3530
55 17 740 196 amnemque-k..
765 9 929 109 ,μμ
1014 66 1016 69 -

152 245 244 301 mollia
260 247 368 302 mortali
384 247 532 302 consistere
550 262 663 314 corpore
680 249 763 298 crota.

151 324 200 378 sed
217 328 309 377 tamen
327 323 411 377 esto
403 340 458 376 iam
475 338 555 391 posse
573 322 640 376 haec
657 325 770 375 aeterua
788 338 910 378 manere:

150 418 248 470 nempe
265 403 357 472 tamen
375 401 477 454 debent
494 401 542 452 aut
560 415 667 452 sensum
685 402 748 467 part
748 398 772 451 is
789 399 891 454 lrabere

149 481 197 532 aut
215 477 295 530 simili
312 477 379 530 totis
397 476 558 530 animalibus
576 495 636 531 csse
653 478 751 548 putari.

148 560 179 609 at
195 560 331 623 nequeant
348 571 399 624 per
416 571 446 608 se
463 557 557 624 partes
576 555 677 608 sentire
695 571 806 609 necesse
823 559 881 621 cst;
961 573 996 611 ιιι

148 648 267 700 namque
285 631 337 684 alio
356 647 450 685 sensus
468 630 652 685 membrorum
671 633 782 701 respicit
799 634 893 698 omnis,

148 725 198 763 neo
216 723 311 760 manus
329 723 346 760 a
363 707 440 760 nobis
457 707 530 775 potis
548 711 592 761 cst
610 712 716 762 secreta
733 726 821 777 neque
838 709 900 772 ulla,

138 785 267 855 corporis
285 784 392 837 omnino
411 800 518 837 sensum
536 801 601 853 pars
619 785 676 838 sola
693 789 793 840 tencre.

37 879 40 888 ’
145 863 276 954 linquitur
293 864 385 914 utt
343 861 393 915 tot'
385 878 409 914 rs
426 860 548 914 animant
536 860 609 914 tibus
627 861 684 915 adsi
687 857 853 917 mulentur.

102 951 134 982 ⁰2³
146 941 184 995 sic
201 943 224 993 rt
203 940 298 993 'tidem
317 955 386 1007 quae
405 938 536 991 sentimus
555 938 657 992 sentire
676 942 1064 1089 necessest,

101 1035 133 1066 ιιι
146 1017 221 1072 vitali
238 1020 270 1070 ut
288 1016 392 1086 possint
410 1015 562 1068 consentire
579 1016 700 1082 undique
718 959 1064 1089 sensum

145 1095 191 1163 qui
209 1098 339 1164 poterunt
356 1093 440 1160 igitur
457 1109 549 1146 rerum
566 1093 716 1160 primordia
734 1092 788 1146 dici

145 1175 174 1226 et
190 1172 239 1250 led
257 1171 345 1224 vitare
362 1170 426 1236 vias,
446 1169 571 1222 animalia
588 1186 649 1222 cum
668 1169 730 1237 sint,

144 1249 234 1318 adque
234 1244 628 1387 fflaqlwus
645 1263 700 1299 una
717 1246 884 1314 eademque?

74 1327 77 1332 '
144 1324 218 1393 quod
391 1338 442 1391 pos
605 1326 652 1374 ctu
669 1322 837 1390 concilioque

99 1411 132 1442 ⁹²⁰
144 1401 181 1455 nil
198 1401 300 1455 facient
318 1403 429 1470 praeter
447 1397 555 1466 volgum
573 1397 737 1466 turbamque
754 1398 929 1467 animantum,
957 1337 1020 1461 92⁰:

143 1479 246 1533 seilicet
264 1481 295 1531 ut
312 1479 453 1545 nequount
469 1474 592 1527 homines
610 1479 717 1528 arment
719 1491 735 1528 a
751 1475 882 1544 feraeque

142 1557 213 1610 inter
231 1572 291 1610 sese
308 1553 391 1608 ullam
408 1569 466 1605 rem
486 1552 600 1619 gignere
618 1551 810 1634 conveniendo.
904 1578 917 1600 .
1085 1585 1096 1612 ,

97 1651 128 1684 ιιι
142 1633 253 1702 quod
233 1650 255 1686 si
272 1632 344 1684 forte
361 1645 439 1683 suum
458 1627 601 1694 dimittunt
619 1645 732 1698 mamone
750 1602 936 1682 sensumh
982 1644 1013 1684 ἰ
1103 1654 1118 1663 ·-

140 1713 223 1779 atque
235 1709 317 1763 alium
330 1705 448 1776 capiunt,
461 1704 528 1775 quid
541 1709 672 1775 opust
620 1704 672 1758 fuit
684 1705 732 1759 adt
733 1705 803 1778 ribui
815 1705 844 1758 id
856 1671 1055 1774 quod'o‘fi‘*

140 1786 189 1840 det
190 1786 341 1840 rabiturlt
342 1800 388 1836 um
406 1787 485 1853 praet
486 1799 556 1848 enea,
575 1782 649 1851 quod
667 1782 831 1836 vicimusan
797 1785 869 1850 ante,

140 1863 298 1932 quatenus
290 1879 318 1915 in
335 1860 424 1930 pullos
442 1859 566 1913 animalis
584 1859 686 1913 vertier
704 1876 755 1913 osa

139 1940 272 1994 cernimus
290 1939 339 1992 alit
327 1943 403 1992 tuum
421 1937 577 2004 termisque
595 1937 734 2002 effervere,
752 1940 855 1991 terram

138 2015 345 2086 intempestivos
363 2031 445 2084 quom
463 2017 545 2084 putor
563 2013 638 2083 cepit
656 2013 691 2066 ob
709 2013 812 2081 imbris,

137 2092 207 2147 scire
223 2093 288 2146 lieet
304 2092 378 2160 gigni
395 2108 475 2160 posse
493 2107 527 2144 ex
545 2106 600 2142 non
617 2087 734 2144 sensibu'
752 2107 852 2144 sensus.
951 2104 989 2144 mo
1046 2107 1060 2168 ι

172 2169 288 2234 Quod
268 2187 290 2223 si
307 2170 379 2223 forto
397 2168 494 2235 aliquis
511 2168 586 2221 dicet
604 2168 749 2221 dumtaxat
765 2167 831 2221 oriri

136 2263 215 2315 posse
233 2263 268 2300 ex
286 2263 340 2299 non
358 2261 438 2299 sensu
456 2261 566 2298 sensum
584 2242 777 2311 mutabilitate,

136 2327 183 2376 aut
200 2323 289 2391 aliquo
308 2325 447 2389 tamquam
464 2323 546 2388 partu
565 2319 639 2388 quod
657 2320 750 2389 prodit
750 2337 782 2373 us
799 2323 884 2386 extet

135 2398 198 2452 huie
216 2397 283 2452 satis
300 2396 369 2450 illud
387 2397 441 2450 erit
458 2395 568 2464 planum
587 2394 679 2448 facere
697 2400 780 2464 atque
797 2396 914 2465 probare

135 2491 188 2527 non
206 2473 265 2527 fieri
283 2476 392 2541 partum
410 2472 462 2526 nisi
480 2471 593 2526 concilio
611 2475 675 2525 ante
694 2475 787 2526 coacto
829 2497 832 2502 ·
949 2487 985 2528 aso

124 2529 185 2604 nde
202 2547 345 2640 qlliequam
365 2547 526 2604 commutari
545 2549 603 2602 sine
622 2549 773 2604 conciliatu.

133 2627 264 2696 principio
282 2632 421 2697 nequeunt
438 2626 519 2680 ullius
537 2627 659 2696 corporis
677 2643 737 2680 esse

58 2767 60 2772 ,
131 2719 226 2756 sensus
244 2704 333 2756 ante
326 2720 413 2772 ipsam
431 2705 552 2774 genitam
571 2708 697 2757 naturam
716 2702 869 2770 animantis,

131 2779 260 2833 nimirum
277 2781 342 2850 quia
360 2783 488 2836 materies
506 2781 621 2835 disiecta
638 2783 749 2834 tenetur

131 2873 194 2910 aere
212 2856 368 2911 fluminibus
385 2860 467 2913 terris
485 2863 614 2928 terraque
633 2857 740 2924 creatis,
947 2869 983 2910 aso

130 2949 180 2986 nee
197 2949 341 3002 congressa
357 2936 437 2989 modo
456 2936 545 2990 vitalia
563 2933 735 2990 convenienti

131 3009 248 3063 contulit
265 3010 339 3065 inter
356 3029 386 3065 se
402 3017 500 3081 motus,
519 3013 618 3081 quibus
637 3010 819 3065 omnituentes

131 3086 237 3140 accensi
255 3103 350 3142 sensus
366 3089 503 3144 animante
521 3090 550 3144 in
568 3108 677 3160 quaque
694 3087 809 3141 cientur.

165 3160 312 3217 Praeterea
328 3165 452 3234 quamvis
468 3166 634 3222 animantem
651 3167 782 3235 grandior
799 3162 876 3229 ictus,

128 3253 209 3306 quam
227 3255 263 3308 pa
263 3239 396 3295 titurt
348 3244 396 3295 nat
396 3257 453 3309 ura,
471 3243 667 3384 rewfli
772 3240 1032 3364 ⁰mni½⁹⁶pa

48 3298 170 3488 rs«,
195 3331 352 3400 m
395 3324 483 3400 a.
640 3244 812 3440 'Qu
