2252 3530
117 124 172 180 104
503 123 576 179 ΙΙΙΙ

113 226 207 280 umida
223 225 325 294 linguai
343 225 446 280 circum
464 225 591 280 sudantia
608 226 719 295 templa.

114 305 144 370 at
161 304 256 356 contra
272 305 397 371 pungunt
415 318 523 355 sensnm
541 302 717 371 lacerantque
734 306 836 372 coorta,
936 319 972 359 eae

114 382 217 448 quanto
235 394 360 447 quaeque
378 379 464 446 nragis
482 381 546 432 sunt
564 378 714 447 asperitate
731 379 843 448 repleta

114 454 214 508 deinde
232 455 357 524 voluptas
375 458 418 508 est
436 472 452 508 e
470 471 534 508 suco
552 455 606 507 fine
624 454 724 522 palati;

115 547 176 584 curn
194 547 259 584 vero
277 530 405 584 deorsum
424 548 474 600 per
491 531 584 585 fauces
601 531 801 600 praecipitavit,

114 606 189 661 nulla
206 607 334 676 voluptas
351 611 400 675 est,
419 607 485 660 dum
504 607 610 662 diditur
628 608 715 661 omnis
732 608 762 661 iu
779 612 862 664 artus.

114 699 165 736 neo
182 682 267 738 refert
284 683 430 752 quicquam
448 701 501 753 quo
519 685 594 738 victu
612 701 711 754 corpus
728 684 824 751 alatur,
935 702 972 742 eae

113 760 262 814 dummodo
280 761 354 829 quod
371 760 464 830 capias
482 764 642 815 concoctum
661 760 759 815 didere
777 761 866 831 possis

112 835 228 890 artubus
247 840 277 891 et
294 836 426 891 stomachi
444 836 595 890 umidulum
614 853 723 891 servare
741 841 873 892 tenorem.

149 913 229 967 Nunc
247 913 308 967 aliis
325 913 394 968 alius
412 913 459 982 qui
478 913 515 966 sit
532 913 600 966 cibu’
620 913 711 967 suavis
729 917 758 968 et
775 914 863 968 almus

114 989 266 1059 expediam,
284 1007 409 1058 quareve,
428 988 488 1043 aliis
506 989 581 1058 quod
597 990 678 1043 triste
697 994 726 1044 et
743 992 900 1058 amarumst,

114 1065 165 1119 hoc
183 1069 276 1121 tamen
294 1083 355 1122 esse
371 1067 431 1120 aliis
449 1067 536 1136 possit
554 1067 685 1136 perdulce
702 1067 796 1135 videri,
934 1081 969 1119 ors

112 1145 245 1211 tantaque
263 1143 296 1196 a'n
313 1142 356 1195 his
374 1142 456 1196 rebus
475 1142 607 1196 distantia
624 1142 820 1212 differitasque,

114 1221 145 1271 ut
163 1218 237 1287 quod
254 1219 289 1272 ali
307 1219 383 1272 cibus
401 1222 445 1273 est
462 1217 523 1272 aliis
539 1218 599 1272 fuat
617 1235 679 1272 acre
697 1236 839 1272 venenum.

113 1310 173 1347 esse
190 1295 230 1348 ita
247 1295 307 1362 quit
325 1311 445 1365 serpeus,
464 1295 580 1347 hominis
597 1312 667 1364 qnae
685 1299 760 1349 tacta
777 1294 868 1349 salivis

114 1369 230 1438 disperit
248 1388 279 1426 ac
298 1389 358 1426 sese
375 1371 529 1426 mandendo
547 1372 656 1426 conticit
673 1372 739 1442 ipsa.

113 1450 258 1515 praeterea
274 1449 352 1502 nobis
370 1452 509 1502 veretrum
527 1451 570 1502 est
588 1464 651 1502 acre
669 1465 810 1515 venenum,
935 1461 972 1501 ere

113 1526 143 1577 at
161 1524 250 1592 capris
268 1524 363 1594 adipes
382 1528 411 1578 et
428 1525 612 1578 cotia-uicibus
630 1529 720 1592 auget.

112 1602 145 1653 ut
162 1600 260 1668 quibus
277 1601 306 1654 id
324 1602 372 1654 fiat
389 1600 472 1654 rebus
490 1617 653 1668 cognoscere
670 1602 765 1670 possis,

113 1675 246 1746 principio
264 1677 419 1730 meminisse
437 1677 519 1730 decet
537 1693 606 1744 quae
624 1677 742 1731 diximus
760 1682 831 1746 ante,

116 1753 220 1806 semina
238 1753 408 1807 multimodis
426 1753 454 1806 in
473 1753 555 1806 rebus
572 1753 659 1806 mista
677 1755 773 1808 teneri.

113 1844 196 1896 porro
209 1845 303 1882 omncs
315 1845 502 1899 quaecumque
515 1829 605 1883 cibum
618 1830 730 1899 capiunt
741 1831 900 1900 animantes,
934 1847 971 1885 oea

112 1907 145 1957 ut
163 1908 227 1958 sunt
245 1906 390 1960 dissimiles
408 1907 578 1960 extrinsecus
596 1909 625 1961 et
642 1907 793 1974 generatim

113 1981 217 2034 extima
234 1981 419 2035 membrorum
438 1982 653 2036 circumcaesura
671 1986 787 2052 coercet,

113 2056 230 2124 proinde
249 2060 278 2110 et
296 2056 444 2111 seminibus
464 2061 590 2112 constant
608 2059 730 2113 variante
748 2060 843 2127 figura.

113 2133 295 2187 seminecum
312 2149 394 2202 porro
413 2134 525 2202 distent,
543 2135 654 2188 differre
672 2141 810 2190 necessest

113 2208 256 2262 intervalla
274 2209 393 2276 viasque,
411 2210 544 2264 foramina
562 2228 631 2279 quae
649 2212 831 2282 perhibemus,
934 2227 971 2267 oeo

113 2284 237 2339 omnibus
254 2285 282 2338 in
300 2285 430 2340 membris
447 2287 522 2346 etin
540 2303 588 2340 ore
604 2289 719 2358 ipsoque
737 2290 836 2358 palato.

113 2377 173 2414 esse
192 2361 295 2415 minora
313 2361 399 2429 igitur
417 2363 552 2432 quaedam
570 2365 727 2433 maioraque
746 2365 856 2429 debent,

112 2454 173 2493 esse
190 2436 327 2506 triquetra
344 2438 411 2507 aliis,
429 2439 488 2493 aliis
506 2441 641 2508 quadrata
658 2446 804 2510 necessest,

91 2561 95 2568 ,
113 2515 200 2567 multa
216 2513 343 2580 rutunda,
361 2515 450 2568 modis
467 2516 561 2570 multis
578 2518 748 2586 multangula
764 2519 905 2588 quaedam.

112 2607 230 2659 namque
247 2590 396 2657 figurarum
414 2592 485 2646 ratio
501 2597 533 2646 ut
550 2598 695 2662 motusque
713 2599 866 2664 reposcunt,
935 2611 971 2650 ece

113 2667 227 2736 proinde
245 2666 420 2720 foraminibus
439 2667 543 2722 debent
562 2669 672 2724 differre
690 2671 801 2739 figurae,

113 2747 141 2796 ct
159 2743 264 2797 variare
283 2742 342 2796 viae
357 2743 474 2814 proinde
492 2761 523 2798 ac
540 2750 652 2799 textura
670 2751 786 2802 coercet.

113 2819 164 2874 hoc
181 2818 229 2873 ubi
248 2817 321 2888 quod
340 2836 421 2873 suave
439 2823 483 2875 est
500 2821 560 2873 aliis
577 2822 637 2874 aliis
655 2823 687 2878 fit
705 2840 834 2891 amonim,

113 2895 159 2962 illi,
178 2896 222 2950 eui
239 2912 321 2949 suave
339 2899 389 2964 est,
408 2896 544 2951 levissima
561 2915 677 2967 corpora
694 2899 799 2954 debent

114 2970 348 3026 contractabiliter
366 2972 457 3026 caldas
474 2973 578 3028 intrare
596 2974 691 3044 palati,
935 2991 970 3030 ooo

113 3049 143 3100 at
161 3050 256 3100 contra
273 3048 370 3116 quibus
388 3053 431 3103 est
449 3049 546 3103 eadem
564 3067 609 3104 res
627 3053 702 3104 intus
720 3051 826 3119 acerba,

114 3139 212 3191 aspera
228 3123 355 3177 nimirum
373 3129 523 3195 penetrant
540 3125 704 3196 hamataque
721 3128 820 3182 fauces.

115 3215 186 3252 nunc
202 3197 282 3252 facile
300 3203 344 3253 est
360 3217 394 3254 cx
412 3201 454 3254 his
473 3202 554 3255 rebus
572 3220 733 3271 cognoscere
751 3221 882 3274 quaeque.
