2234 3526
116 149 173 205 138
533 141 561 200 V

113 251 200 305 multa
217 249 342 303 videmus
359 248 440 315 enim,
457 251 534 301 certo
551 265 622 317 quae
640 251 764 318 tempore
782 247 854 302 liunt

113 325 238 381 omnibus
254 325 283 378 in
301 325 390 379 rebus.
409 323 557 378 florescunt
574 327 699 393 temporo
717 326 793 378 certo

112 403 225 457 arbusta
242 405 271 455 et
288 405 363 454 certo
381 400 525 453 dimittunt
541 404 667 468 ternpore
685 400 788 454 florem.

112 496 162 532 nce
180 480 268 532 minus
285 478 313 530 in
331 481 406 531 certo
425 476 522 529 dentes
541 477 641 530 cadere
659 478 776 546 imperat
794 479 871 530 aetas

113 559 238 625 ternpore
256 561 285 609 et
302 553 430 623 inpubem
449 553 523 606 molli
539 553 689 622 pubescere
706 557 784 608 veste

18 673 21 682 .
113 637 143 687 et
160 635 264 700 pariter
281 632 390 686 mollem
409 631 487 685 malis
506 630 653 684 demittere
671 629 791 684 barbam.

112 709 225 763 fulmina
242 713 380 776 postremo
399 708 446 761 nix
464 706 566 760 imbres
584 707 676 761 nubila
693 706 767 760 vent'

114 802 166 839 non
185 786 266 838 nimis
283 784 395 839 incertis
413 785 483 838 fiunt
500 784 528 836 in
546 784 673 852 partibus
691 783 761 837 anni.

113 879 231 932 namque
248 861 295 914 ubi
314 861 351 915 sic
369 860 480 915 fuerunt
498 877 639 914 causarum
658 859 772 913 exordia
789 858 878 928 prima

114 941 198 1007 atque
214 939 254 992 ita
272 954 317 991 res
334 937 428 990 mundi
446 937 570 991 cecidere
588 937 623 990 ab
641 935 745 1005 origiue
762 935 857 1004 prima,

114 1019 249 1083 consequi}
268 1031 377 1083 quoquo
395 1013 450 1066 iam
468 1013 586 1068 redeunt
604 1031 638 1068 ex
657 1014 753 1067 ordine
771 1015 853 1065 certa

151 1091 281 1144 Crescere
292 1090 415 1158 itemque
427 1088 487 1143 dies
499 1090 564 1145 licet
577 1098 606 1144 et
618 1090 760 1144 tabescere
772 1091 874 1154 noctes,

115 1171 144 1220 et
161 1167 245 1219 minui
262 1166 343 1233 luces,
362 1182 423 1219 cum
442 1171 551 1221 sumant
569 1167 695 1234 augmina
712 1169 814 1233 noctes,

114 1246 163 1296 aut
180 1243 245 1311 qnia
263 1242 393 1296 solidam
411 1244 462 1297 sub
480 1247 569 1297 terras
586 1249 670 1312 atque
689 1258 805 1312 superne

114 1319 264 1388 impruibns
281 1335 393 1373 currens
411 1319 590 1374 amfractibus
608 1320 728 1373 aetheris
747 1315 810 1372 oras

115 1397 201 1464 partit
218 1397 292 1451 etin
311 1396 397 1466 partis
415 1413 468 1449 uon
487 1413 588 1464 aequas
608 1395 707 1450 dividit
724 1395 830 1462 orbem,

115 1477 144 1527 et
162 1473 236 1541 quod
253 1472 288 1526 ab
307 1473 440 1526 alterutra
458 1473 581 1525 detraxit
599 1475 686 1540 parte,
705 1472 815 1540 reponit

115 1550 174 1603 eius
191 1549 220 1602 in
237 1549 352 1602 adversa
370 1551 449 1602 tanto
467 1549 528 1617 plus
546 1553 625 1615 parte
644 1547 754 1613 relatus,

117 1627 204 1680 donec
221 1627 258 1680 ad
275 1626 305 1679 id
324 1626 430 1692 signum
449 1624 515 1678 caeli
533 1625 668 1693 pervenit,
687 1623 733 1676 ubi
752 1622 815 1676 anni

116 1703 203 1756 nodus
221 1706 368 1756 nocturnas
387 1705 522 1770 exaequat
540 1700 645 1754 lucibus
662 1699 780 1753 umbras.

115 1796 185 1845 nam,
204 1779 295 1832 medio
313 1794 394 1831 cursu
411 1777 492 1832 flatus
510 1777 643 1846 aquilonis
661 1780 690 1830 et
708 1776 802 1844 austri,

116 1855 229 1908 distinet
247 1858 365 1922 aequato
383 1853 488 1908 caelum
508 1852 663 1906 discrimine
681 1856 769 1906 metas

115 1934 229 1999 propter
246 1930 367 1996 signiferi
384 1930 534 1998 posituram
552 1929 638 1983 totius
656 1928 736 1996 orbis,

115 2023 205 2060 annua
222 2006 261 2060 sol
280 2006 308 2058 in
326 2021 381 2075 quo
399 2005 537 2059 concludit
555 2010 679 2074 tempora
698 2023 818 2075 serpens,

115 2083 226 2151 obliquo
245 2085 333 2136 terras
351 2085 380 2136 et
397 2081 501 2135 caelum
519 2082 621 2135 lumine
639 2081 765 2147 lustrans,

117 2163 149 2213 ut
166 2159 238 2212 ratio
256 2158 378 2212 declarat
396 2173 489 2211 eorum
508 2159 555 2226 qui
572 2158 631 2212 loca
649 2157 717 2211 caeli

116 2235 208 2290 omnia
225 2234 365 2304 dispositis
383 2234 466 2302 signis
483 2238 580 2288 ornata
597 2238 734 2288 notarunt.
941 2251 979 2289 mo

116 2315 165 2366 aut
182 2311 246 2380 quia
263 2311 379 2365 crassior
397 2314 440 2364 est
457 2312 540 2364 certis
557 2311 585 2364 in
604 2311 729 2380 partibus
747 2328 801 2378 aer,

117 2388 169 2442 sub
187 2389 269 2442 terris
286 2388 349 2442 ideo
366 2386 514 2441 tremulum
531 2387 611 2441 iubar
627 2387 748 2442 haesitat
766 2389 837 2456 ignis

117 2481 169 2519 nec
185 2469 332 2533 penetrare
349 2466 442 2534 potest
458 2464 536 2519 facile
554 2467 638 2533 atquo
656 2481 798 2534 emergere
814 2464 851 2518 ad
868 2468 952 2519 ortus.

118 2545 265 2610 propterea
283 2545 376 2595 noctes
393 2540 507 2594 hiberno
525 2542 649 2609 tempore
667 2541 764 2609 longae

119 2621 234 2685 cessant,
252 2617 318 2670 dum
336 2616 428 2670 veniat
445 2615 583 2670 radiatum
600 2617 705 2683 insigne
723 2616 785 2671 diei.
943 2631 973 2674 ro·

119 2696 168 2747 aut
185 2694 276 2760 etiam,
295 2694 360 2762 quia
377 2693 415 2747 sic
432 2692 546 2746 alternis
563 2693 688 2762 partibus
706 2693 769 2747 anni

120 2769 228 2824 tardius
246 2774 276 2824 et
293 2771 373 2824 eitius
392 2772 556 2822 censuerunt
574 2769 709 2823 confluere
726 2770 804 2837 ignes

119 2847 167 2915 qui
183 2845 286 2901 faciunt
304 2846 387 2900 solem
405 2848 481 2898 certa
499 2845 647 2912 desurgero
665 2849 752 2913 parte,

120 2925 267 2990 propterea
284 2923 317 2977 fit
334 2923 375 2976 nti
393 2922 539 2976 videantur
556 2921 647 2975 dicere
665 2939 758 2976 veroni

155 3075 232 3128 Luna
249 3079 342 3143 potest
360 3075 423 3129 solis
441 3074 524 3127 radiis
541 3089 670 3142 percussa
687 3075 776 3127 nitere
944 3087 970 3130 ’ἕο

44 3191 47 3198 .
118 3149 202 3218 inque
220 3150 278 3203 dies
296 3152 381 3218 magis
400 3151 433 3203 id
448 3149 540 3203 lumen
559 3153 717 3202 convertero
735 3149 814 3202 nobis

119 3223 156 3278 ad
173 3225 299 3294 speeiem,
317 3232 449 3292 quantum
468 3223 532 3279 solis
550 3224 655 3278 secedit
672 3224 708 3277 ab
726 3224 794 3290 orbi,
