2244 3532
539 143 567 196 xl

121 287 223 354 presto,
235 288 319 350 septa,
338 297 409 349 quae
426 281 489 334 libri
500 298 704 352 nonnumquam
716 281 856 348 exhibent,
876 280 977 335 Lucre-

123 367 193 420 tium
217 369 310 420 autem
335 383 392 435 per,
410 366 601 436 diphthongon
622 367 769 437 protulisse
793 370 900 420 certum
925 372 976 434 est,

122 469 173 506 nco
184 454 268 520 alere,
288 453 380 518 alites,
400 460 507 520 castre,
529 459 651 523 emotas,
670 457 700 508 et
716 453 872 508 huiusmodi
889 471 976 523 pauca

122 539 175 593 alia
187 539 246 593 sine
257 539 277 592 b
289 529 403 593 ferenda
416 539 490 592 duxi.

174 625 250 677 Haeo
264 640 373 692 quoque
382 623 504 676 notanda
517 628 606 679 sunt..
677 667 683 679 .
753 667 759 679 .
772 626 876 679 indicat
883 622 975 693 unum,

121 726 139 761 s
157 711 249 779 plures
264 709 436 764 intercidisse
455 727 556 764 versus.
575 710 692 778 syllabae
707 721 736 765 et
755 729 841 780 voces,
858 729 928 780 quae
947 713 975 764 in

27 843 31 851 .
119 797 196 850 libris
208 812 262 849 non
275 799 379 862 extant,
392 795 506 849 cursivis
519 794 576 848 sive
590 795 710 862 Italicis;
727 794 821 850 versus
834 797 919 866 spurii
931 796 974 850 vel

120 882 207 935 alieno
212 881 270 935 loco
275 880 522 949 iterati,interdum
528 880 612 934 etiam
617 881 723 948 singula
728 881 868 946 vocabula,
874 881 974 950 capita-

118 967 191 1020 libus
200 967 393 1036 exprimuntur
401 966 510 1021 litteris.
532 967 607 1020 uncis
620 967 717 1021 inclusi
725 984 771 1021 eas
780 969 906 1022 carminis
914 986 973 1038 par-

117 1057 160 1108 tes
173 1071 244 1124 quae
257 1054 408 1108 ahucretio
418 1053 531 1122 quidem
544 1055 658 1124 scriptas
668 1072 734 1122 csse,
744 1055 794 1108 sed
805 1056 832 1108 in
846 1073 972 1110 versuum

117 1141 216 1195 seriem
228 1158 282 1194 non
294 1141 329 1194 ab
348 1141 407 1209 ipso
423 1145 513 1210 poeta,
533 1140 582 1194 scd
599 1159 616 1195 a
631 1141 720 1210 primo
740 1140 847 1194 editore
866 1146 971 1196 temere

116 1229 214 1283 inlatas
227 1245 286 1282 esse
298 1229 409 1296 egregio
421 1229 544 1282 acumine
561 1228 760 1282 demonstravit
773 1228 970 1283 Lachmannus.

116 1331 179 1368 eum
190 1314 326 1368 editorem
338 1330 393 1366 non
403 1313 536 1377 Quintum
549 1314 715 1382 Ciceronem,
728 1315 778 1368 sed
794 1315 884 1383 ipsum
897 1315 969 1368 Mar-

116 1419 177 1457 cum
189 1402 272 1455 fuisse
290 1401 454 1455 credonem
474 1401 577 1454 Plinius
590 1402 669 1469 epist.
687 1416 723 1454 111
743 1407 774 1454 15
793 1401 908 1454 Proculo
922 1418 970 1454 suo

115 1487 153 1540 sic
166 1487 268 1554 scribit,
282 1485 363 1539 Petis
382 1491 414 1537 at
431 1485 530 1540 libellos
550 1485 736 1552 teos...le9cm
754 1485 970 1554 examinemque

114 1574 286 1626 obeditione
301 1571 359 1626 siat
377 1572 598 1647 diesi...olleyar
614 1572 775 1638 ecemplum
790 1571 901 1624 ..adicis
923 1573 968 1626 M.

119 1660 245 1712 Tullium
266 1658 346 1712 mira
364 1658 532 1725 terribilitate
546 1663 698 1724 poetamem
718 1656 835 1724 incenia
851 1657 965 1720 fovisse.

113 1745 218 1799 numeri
238 1745 266 1797 in
284 1744 361 1798 laeva
375 1745 492 1813 paginae
507 1747 587 1813 parte
605 1743 687 1812 positi
699 1753 828 1797 versuum
842 1744 967 1798 ordinem

112 1831 234 1886 indicant
245 1847 325 1901 quern
338 1828 402 1883 libri
416 1831 564 1884 heidenscs
577 1827 715 1883 exhibent.

181 2015 338 2072 Scribebanr
361 2017 553 2085 cantabrigiae
570 2016 598 2069 in
617 2015 730 2083 collegio
747 2014 892 2069 Trinitatis

370 2121 457 2161 mens.
471 2102 581 2158 Octobr.
595 2120 618 2156 a.
632 2106 705 2156 1860.
