2244 3532
530 137 576 192 ΔΙ
965 141 1001 200 17

94 258 99 272 ¹
149 241 322 310 illu'qnoque
340 258 400 295 esse
419 239 470 295 tibi
487 241 574 295 solida
592 244 676 310 atque
694 245 807 295 aeterna
824 242 974 296 fatendum.

149 318 268 387 denique
287 318 311 371 si
329 318 453 371 minimas
471 317 499 371 in
517 318 603 386 partis
621 320 719 370 cuneta
736 318 835 371 resolvi

148 411 245 463 eogere
263 399 421 448 consuesset
439 410 529 447 rerum
548 397 646 447 natura
664 394 791 463 creatrix,

147 472 202 524 iam
219 471 258 524 nil
277 488 311 524 ex
329 471 382 523 illis
401 470 496 523 eadem
516 486 645 538 reparare
662 470 768 524 valeret
968 488 1005 526 oso

147 551 295 618 propterea
313 548 383 616 quia,
402 563 472 615 quae
491 546 572 598 nullis
591 549 654 599 sunt
672 545 796 614 partibus
814 553 900 611 aucto,
935 573 937 577 ·

148 641 202 677 non
220 628 334 692 possunt
351 640 384 676 ea
401 640 471 691 quae
490 622 574 676 debet
592 623 719 690 genitalis
736 623 839 678 habere

148 700 285 767 materies,
302 698 391 752 varios
409 715 526 752 conexus
545 698 667 766 pondera
685 699 779 767 plagas

148 791 294 830 concursus
311 779 409 842 motus,
428 791 478 844 per
496 792 566 843 quae
585 792 629 828 res
648 792 772 844 quaeque
790 781 930 844 geruntur.

184 852 358 922 Quapropter
376 852 423 921 qui
441 853 584 905 materiem
602 868 695 905 rerum
714 870 773 907 esse
791 857 924 922 putarunt
967 831 1099 923 (ιιωῆ

148 929 239 998 ignem
257 933 341 999 atque
359 947 394 983 ex
411 929 466 997 igni
486 945 618 982 summam
637 930 787 983 consistere
806 931 870 997 solo,

148 1023 247 1074 niagno
264 1023 348 1075 opere
366 1024 382 1060 a
399 1023 464 1060 vera
482 1004 551 1074 lapsi
569 1006 675 1060 ratione
694 1005 828 1060 videntur.

150 1083 307 1136 Heraclitus
325 1082 376 1135 init
394 1098 512 1151 quorum
524 1081 588 1143 ,dux
605 1082 709 1152 proelia
726 1083 836 1152 primus,

149 1158 237 1212 clarus
256 1160 286 1212 ob
304 1158 447 1212 obscuram
465 1158 585 1225 linguam
603 1159 690 1226 magis
708 1159 782 1212 inter
799 1159 886 1212 inanis

149 1235 268 1323 quamde
285 1235 377 1302 gravis
394 1235 467 1288 inter
485 1234 583 1287 Graios
601 1235 730 1304 qui·'vera
747 1235 899 1302 requirunt.
930 1249 950 1298 ,·
969 1249 1005 1290 oro
1116 1281 1119 1294 .

148 1312 240 1364 onmia
257 1311 330 1364 enim
348 1310 440 1364 stolidi
458 1313 544 1378 magis
562 1311 733 1364 admirentur
751 1315 936 1457 amantqrffi'
991 1345 1115 1428 Ma.

148 1386 288 1467 intersis
282 1403 414 1474 qrpe*
371 1386 420 1438 sub
428 1386 819 1462 vespithjtpnt'mmrnmrt
900 1367 974 1436 A

149 1479 268 1533 veraque
285 1441 455 1516 constituunt
473 1479 543 1532 quae
562 1462 633 1516 belle
651 1467 765 1529 tangore
783 1466 897 1531 possunt
920 1444 994 1530 fi·

149 1541 222 1593 auris
240 1544 270 1593 et
287 1539 378 1608 lepido
397 1556 467 1608 quae
486 1543 550 1592 sunt
567 1539 659 1592 fucata
631 1543 780 1592 t.sonore
936 1523 1108 1769 Ἥ

185 1617 256 1670 Nam
273 1633 322 1671 cur
340 1619 397 1669 tam
416 1616 507 1670 variae
525 1633 570 1669 res
587 1616 693 1684 possint
711 1632 770 1669 esse
788 1615 906 1684 requiro,
968 1631 1005 1670 oso

86 1620 183 1833 fex
201 1709 254 1746 uno
272 1693 295 1745 si
314 1696 379 1746 sunt
396 1692 452 1760 igni
471 1708 594 1761 puroque
612 1697 725 1746 creatae.

149 1768 187 1821 nil
205 1769 347 1838 prodesset
365 1770 438 1824 enim
455 1769 574 1822 calidum
594 1767 734 1822 denserier
751 1769 841 1838 ignem
1060 1783 1062 1788 ·
1083 1773 1103 1801 ⁸

150 1861 200 1898 nec
218 1845 347 1912 rerefieri,
366 1847 388 1899 si
406 1849 498 1914 partes
515 1846 586 1913 ignis
604 1844 720 1899 eandem

150 1925 276 1975 naturam
293 1939 375 1991 quam
394 1926 469 1976 totus
486 1921 571 1975 habet
590 1937 672 1990 super
690 1922 760 1988 ignis
759 1921 1003 2052 Whabemnt

150 1998 237 2052 aerior
255 1999 338 2053 ardor
356 2000 427 2054 enim
446 1999 586 2052 conductis
604 1998 730 2067 partibus
748 2015 808 2052 esse

150 2073 304 2142 languidior
322 2092 403 2145 porro
422 2075 526 2129 disiect'
507 2079 543 2128 trs
562 2076 659 2204 disgue
677 2075 1008 2147 suppn'sm

150 2151 266 2218 amplius
284 2151 336 2205 hoe
354 2152 414 2204 fieri
432 2151 531 2205 1iilt
489 2155 531 2205 est
550 2169 604 2220 quo
642 2169 722 2220 posse
740 2152 963 2266 rearisu

150 2226 277 2282 talibus
269 2244 296 2280 m
315 2228 410 2294 causis,
421 2227 682 2316 wratinntia
699 2245 791 2281 rerum
844 2182 1068 2324 up&

150 2305 229 2356 tanta
247 2307 333 2373 queat
351 2303 442 2356 densis
461 2321 583 2371 rarisque
602 2321 635 2357 ex
653 2303 761 2370 ignibus
779 2319 846 2356 esse.

24 2373 157 2516 μ
149 2379 179 2434 ld
197 2396 318 2454 puupqe,
332 2380 356 2433 si
373 2380 474 2432 faciant
462 2379 597 2432 tudmixt
585 2383 643 2432 utm
662 2379 770 2431 rebus'
762 2339 1076 2445 manem

151 2455 260 2509 denseri
278 2441 503 2524 poteruis'fgnes
522 2455 632 2523 rarique
651 2455 774 2522 relinqui.

151 2531 201 2585 sod
219 2531 284 2600 quia
301 2531 387 2584 multa
405 2530 456 2584 sibi
475 2534 590 2584 cernunt
608 2547 638 2584 co
670 2531 724 2584 rari
760 2531 833 2584 nasci

151 2611 181 2661 et
195 2607 341 2675 fugitant'
333 2624 361 2659 m
379 2606 487 2660 rebus
479 2623 560 2660 mane
577 2605 731 2676 relinquero
749 2623 856 2676 purum,
948 2631 1072 2722 Μ

152 2683 239 2737 ardua
256 2683 321 2736 dum
339 2686 474 2752 metuunt,
492 2683 657 2737 amittuntv
723 2683 776 2737 viai
1059 2701 1073 2727 ο

151 2776 202 2814 nee
219 2776 328 2812 rursum
345 2763 460 2814 cernunt
478 2763 606 2827 exempto
624 2758 706 2814 rebus
723 2776 798 2814 mam
970 2774 1006 2813 ooo

151 2836 242 2890 omnia
260 2835 369 2889 denseri
387 2835 502 2904 fierique
520 2851 555 2888 ex
573 2835 697 2889 omnibus
714 2853 799 2889 unum
840 2877 844 2881 .

151 2928 257 2980 eorpus,
275 2911 313 2964 nil
331 2911 366 2964 ab
385 2928 414 2964 se
432 2911 506 2980 qnod
524 2911 740 2980 [remitmittere
757 2911 875 2980 raptim;

152 2988 264 3042 aestifer
281 2987 352 3056 ignis
370 2988 411 3041 uti
428 2987 521 3040 lumen
538 2987 604 3040 iacit
621 2989 713 3055 atque,
723 3003 860 3056 vaporem,

152 3067 184 3118 ut
201 3064 296 3118 videas
312 3080 367 3117 non
385 3079 401 3116 e
419 3063 527 3132 stipatis
545 3064 670 3132 partibus
688 3080 755 3118 esse.

153 3140 228 3210 quod
245 3141 268 3194 si
285 3140 357 3194 forte
375 3139 429 3193 alia
445 3139 563 3194 eredunt
580 3140 685 3193 ratione
703 3143 813 3209 potesse
972 3155 1008 3193 ses

152 3217 222 3284 ignis
239 3217 267 3270 in
286 3221 366 3272 coetu
384 3217 484 3286 stingui
503 3221 666 3285 mutareque
684 3232 790 3286 corpus,

161 3293 175 3336 5
