2244 3532
593 142 610 198 I
990 147 1026 204 13

176 243 285 312 quando
297 261 330 299 ea
339 245 427 298 saecla
435 243 582 312 hominum,
592 261 708 313 quorum
717 246 785 301 haec
794 251 893 302 eventa
901 249 1020 317 fuerunt,

175 320 365 375 inrevocabilis
383 321 529 375 abstulerit
546 321 601 374 iam
618 323 769 389 praeterita
786 328 870 377 aetas.

174 414 293 466 namque
311 398 380 451 aliut
398 397 516 474 Tamis,
535 397 603 451 aliut
621 397 778 474 regiqpi-bus
796 400 863 468 ipsis

174 478 302 528 eventum
321 473 374 526 dici
392 473 494 540 poterit
512 473 703 542 quodcumque
721 476 774 529 erit
792 480 890 530 actum.
990 494 1026 533 010

174 551 293 619 denique
311 549 439 603 materies
457 549 480 602 si
498 565 590 603 rerum
608 550 681 605 nulla
698 551 795 606 luisset
989 576 1009 598 ν

174 644 224 682 nec
241 628 316 681 locus
333 643 365 680 ac
383 625 508 693 spatium,
526 643 571 680 res
588 625 616 679 iu
635 643 689 696 quo
707 645 833 708 qu
849 632 990 696 geruntur,

173 722 321 773 numquam
339 701 503 772 Tyndaridis
521 703 624 756 formae
643 703 775 758 conflatus
793 721 886 759 amore

174 782 250 850 gnis,
268 779 421 834 Alexandri
441 777 560 846 Phrygio
578 777 629 832 sub
647 783 759 846 pectore
775 781 899 848 gliscens,

171 859 244 912 clara
261 857 431 912 accendisset
449 855 522 909 saevi
540 855 690 909 certamina
708 855 779 922 belli,
912 905 925 928 ,
988 873 1025 913 410

172 952 222 990 nec
239 934 308 988 clam
327 933 465 1010 quteqs'
476 931 598 985 Troianis
616 931 752 999 Pergama
769 936 852 1001 partu
876 903 1014 992 W

170 1011 367 1065 inflammasset
385 1025 470 1077 equos
487 1011 620 1061 nocturno
639 1008 871 1076 Graiugenarum3

207 1105 234 1141 rs
255 1088 260 1100 '
295 1103 325 1139 re
342 1089 374 1139 ut
390 1085 478 1154 possis
496 1100 540 1137 100
557 1087 649 1151 gestas
665 1085 790 1158 fupditus
808 1087 895 1140 omnis

157 1103 339 1220 muti
357 1178 455 1230 corpus
472 1176 522 1228 per
540 1177 569 1212 se
588 1164 713 1214 constare
730 1179 819 1231 neque
837 1179 905 1228 esse,
1035 1189 1045 1220 1
1072 1175 1107 1214 »Α

168 1238 219 1292 nee
237 1238 343 1292 ratione
361 1237 452 1290 cluere
470 1235 566 1288 eadem
584 1252 638 1303 qua
656 1241 764 1291 constet
782 1238 870 1304 inane,
986 1253 1023 1292 000
1035 1233 1061 1316 *3

169 1314 220 1369 sed
237 1314 325 1382 magis
342 1316 375 1366 ut
393 1311 491 1365 merito
508 1311 596 1379 possis
614 1315 713 1365 eventa
729 1329 825 1366 vocare

168 1390 289 1459 eorporis
306 1393 389 1456 atque
407 1387 466 1455 loci,
485 1403 529 1440 res
546 1387 575 1439 in
593 1403 647 1455 quo
665 1403 789 1455 quaeque
806 1394 944 1456 gerantur.

204 1467 324 1534 Corpora
342 1467 406 1518 sunt
423 1480 504 1532 porro
521 1464 622 1532 partim
640 1463 789 1531 primordia
807 1481 906 1534 rerum,

167 1543 267 1612 partim
285 1541 397 1595 concilio
416 1557 485 1609 quae
502 1543 629 1594 constant
646 1540 847 1608 principiorum.

167 1620 217 1674 sed
235 1635 305 1688 quae
323 1620 387 1671 sunt
405 1633 496 1670 rerum
514 1615 672 1685 primordia,
689 1617 764 1670 nulla
781 1623 874 1687 potest
891 1619 932 1673 vis
984 1635 1021 1672 000

167 1695 320 1771 stmqu
338 1710 401 1746 nam
420 1692 505 1746 solido
524 1692 635 1747 vincunt
652 1709 685 1747 01
702 1710 815 1762 corpore
834 1695 951 1750 demum.

167 1771 219 1825 etsi
237 1770 347 1824 difficile
365 1786 425 1823 0000
442 1769 552 1822 videtur
570 1769 684 1822 eredere
702 1770 846 1838 quiequam

165 1848 194 1900 in
212 1847 294 1901 rebus
312 1846 397 1900 solido
416 1846 532 1914 reperiri
550 1861 664 1913 corpore
682 1862 778 1915 posse.-

166 1924 264 1978 transit
282 1924 354 1977 enim
372 1922 475 1974 fulmen
494 1922 562 1976 caeli
579 1937 629 1989 per
647 1926 743 1990 saepta
761 1923 911 1992 domorum,

165 1999 267 2054 clamor
283 2004 316 2054 ut
333 2016 364 2053 ac
383 2014 477 2062 voccs;
494 1999 597 2052 ferrum
615 1997 755 2053 candescit
772 1999 800 2053 iu
818 2000 874 2068 igni
984 2016 1020 2056 000

166 2076 358 2144 disiiliuntque
376 2076 434 2128 fero
451 2074 585 2127 ferventia
603 2090 669 2127 saxa
687 2090 801 2142 vapore;
991 2076 994 2080 '

166 2157 224 2206 tum
242 2151 423 2205 labefactatus
441 2149 515 2224 rigor
532 2150 592 2203 auri
610 2150 724 2205 solvitur
741 2155 834 2217 aestu;

165 2233 225 2283 tum
243 2227 343 2296 glacies
361 2227 431 2280 aeris
449 2225 557 2278 flanrma
576 2225 684 2279 (1011010
701 2226 848 2296 liquescit,

165 2307 307 2372 permanat
325 2303 398 2356 calor
415 2305 558 2367 argentum
576 2301 772 2370 penetraleque
790 2303 884 2371 frigus,

166 2379 275 2448 quando
292 2382 440 2445 utrumque
458 2392 540 2428 rnanu
560 2375 712 2430 retinentes
729 2378 827 2446 pocula
844 2379 898 2433 rite
982 2397 1019 2435 400

166 2454 299 2508 sensimus
317 2452 406 2504 infuso
423 2452 433 2504 1
451 2468 477 2503 m
488 2450 596 2504 aliarum
614 2467 676 2504 rore
694 2468 817 2520 superne.

165 2547 253 2598 usquc
271 2529 339 2582 adeo
357 2528 386 2580 in
403 2468 594 2580 rodidedun
601 2525 639 2579 nil
657 2543 717 2580 0000
734 2528 850 2582 videtur.
876 2521 883 2536 '

165 2606 215 2660 scd
233 2606 298 2674 qnia
316 2621 380 2658 vera
397 2607 493 2658 tamen
508 2603 578 2656 ratio
597 2605 748 2672 naturaque
766 2621 858 2658 rerum

165 2682 246 2751 cogit,
265 2681 338 2748 ades,
357 2681 450 2750 paucis
469 2680 534 2732 dum
553 2679 677 2733 versibus
696 2680 873 2748 expediamus

166 2776 225 2813 csse
243 2775 277 2812 01
294 2774 364 2825 quae
379 2755 464 2810 solido
479 2759 563 2825 atque
578 2761 690 2811 aeterno
705 2773 819 2825 corpore
834 2762 966 2828 constent,
978 2776 1015 2813 000

165 2836 268 2890 semina
286 2850 356 2902 quae
374 2850 465 2887 rerum
483 2833 688 2903 primordiaque
706 2851 766 2888 esso
784 2835 921 2902 docemus,

165 2911 237 2965 undo
255 2909 341 2965 omnis
360 2927 451 2964 rerum
469 2927 540 2963 nunc
557 2913 665 2965 constet
682 2927 787 2964 summa
804 2914 903 2965 creata.

199 2987 335 3055 Principio
353 2986 481 3055 quoniam
500 2986 602 3055 duplex
620 2989 720 3040 natura
736 2986 852 3040 duarum

110 3111 117 3138 2
140 3061 412 3140 'dissimilis-rerum
429 3061 509 3129 longe
526 3065 652 3117 constare
669 3061 814 3133 repertast,

115 3163 123 3208 ¹.
162 3139 291 3210 eorporis*
301 3135 385 3208 sitque
403 3138 462 3206 loci,
480 3155 526 3193 res
543 3139 571 3192 in
589 3155 644 3208 quo
662 3157 787 3209 quaeque
800 3141 941 3208 geruntur,
977 3155 1012 3194 000

164 3233 224 3271 0000
240 3220 386 3284 utramque
404 3214 455 3268 sibi
472 3232 523 3283 per
542 3232 571 3269 sc
589 3225 741 3285 puramque
759 3219 903 3270 necessest.
