2244 3532
553 75 625 116 XXXV

213 199 263 250 231
301 211 351 265 pro
364 209 435 248 iuris
448 192 638 248 Lachmannus
650 192 708 248 siue
720 209 802 248 eausa
814 193 878 247 atei.

211 283 262 338 237
298 295 348 349 pro
360 293 482 332 rnnnnns
495 278 591 348 scripsi
599 277 711 347 pelleae.
741 278 932 332 Lachmannus
950 293 1015 346 cunr

161 367 295 421 Lambino
303 366 419 435 pollens.

212 457 263 507 242
300 470 350 521 pro
362 467 522 507 cosrnourru
533 450 686 506 necessario
705 453 881 508 scribendum
900 470 961 508 cum
974 451 1017 506 ed
1100 437 1103 442 ’

162 538 235 592 Iunt.
249 537 387 592 demolire.
411 553 461 604 pro
473 551 556 589 ernnn
566 540 658 590 autem
669 537 765 606 scripsi
775 553 908 592 cremare.
934 538 1018 591 Lach-

161 638 333 691 nrannuspro
341 620 794 677 Moniunnrnseribendodzmenta
802 623 857 677 vim
866 623 1018 677 sententiae

161 725 274 778 prorsus
288 708 397 777 frangit.

214 800 263 850 281
300 811 351 864 pro
375 807 475 848 curris
499 807 584 847 venri
605 807 649 848 v1s
669 794 1019 873 rcu10ptinrc'Bentleius

162 881 239 934 venti
248 881 291 934 vis
303 887 327 934 ct
338 879 437 948 praeis
449 879 534 947 ienis
571 877 761 934 Lachmannus
772 881 902 949 previde,
914 887 965 936 aut
977 883 1019 936 cis
1051 913 1055 922 ·

163 969 240 1037 ipais
251 974 277 1022 ct
290 985 361 1022 acer.

214 1060 264 1110 286
290 1071 340 1122 pro
348 1066 510 1107 vinnanrun
518 1051 616 1123 scripsi
625 1053 764 1106 videatur.
788 1070 932 1107 numerum
941 1052 1019 1107 verbi

163 1138 812 1208 adtcmpiaaccommodavitlibrarius‚ut11108.
831 1139 1020 1193 Lachmannus
1077 1129 1080 1134 ’

164 1229 259 1279 contra
270 1241 320 1294 pro
332 1239 496 1278 errnrunns
509 1225 673 1292 caprimcrc,
687 1224 849 1294 Bernaysius
863 1225 988 1278 occidere.

216 1315 266 1364 296
292 1308 807 1377 vrn1nn.recteBer1raysiuscalidam.
829 1310 1019 1364 Lachmanuus

165 1412 227 1450 cum
240 1395 535 1463 Bcntlcioprecidam.
589 1425 591 1429 ·

216 1486 267 1536 302
303 1479 366 1535 libri
376 1480 700 1550 Dunvnnrnsrurrrnns.
724 1482 1020 1538 Lachmannus‘immo

167 1567 240 1622 Cum
252 1567 328 1622 canit
340 1568 488 1624 amittens·
502 1568 623 1638 alioquin
635 1570 723 1623 oratio
736 1586 789 1623 non
802 1570 924 1624 constat'.
956 1587 1020 1624 cunr

165 1670 220 1707 non
233 1656 344 1708 secutus
356 1670 423 1706 sum.
734 1702 738 1716 ,

219 1746 270 1794 335
293 1757 343 1808 pro
354 1740 477 1810 Drusus,
488 1757 561 1803 enon
571 1741 761 1797 Lachmannus
769 1744 853 1798 Adde
860 1743 1021 1811 quodquod

166 1825 254 1879 inulte
265 1824 421 1893 languidius
433 1826 500 1880 mihi
513 1827 630 1881 ridetur.

218 1917 270 1966 368
304 1925 416 1980 pronsr
433 1911 529 1982 scripsi
542 1929 603 1966 enm
617 1911 792 1967 Lambinoct.
827 1917 923 1967 contra
936 1913 1022 1968 Lach-

167 2013 282 2051 mannus
293 1996 322 2050 in
333 1996 459 2066 proximo
471 2014 552 2051 versu
564 2014 615 2067 pro
628 2013 658 2051 11)
671 1996 749 2052 dedit
762 2006 800 2052 ut.

219 2086 270 2143 370
306 2076 496 2140 Lachmannus
525 2102 588 2138 eum
617 2085 759 2140 veteribus
789 2086 930 2154 impressis
958 2088 1022 2153 post

168 2169 246 2222 inter
257 2185 284 2223 sc
295 2169 406 2224 addidit
417 2185 469 2224 res.
487 2187 489 2190 ’
500 2169 597 2224 debuit
609 2168 677 2224 illud
689 2170 792 2224 addere
804 2174 869 2225 ante
878 2187 925 2224 eas
934 2185 1021 2235 voces,

168 2273 239 2325 quae
251 2256 301 2310 sub
313 2272 367 2310 uno
386 2259 501 2310 accentu
513 2256 637 2324 prolatae
655 2273 705 2326 pro
717 2273 772 2310 una
783 2273 850 2310 voce
868 2255 1022 2310 necessario

169 2344 314 2398 habentur.

227 2435 278 2482 490
290 2444 340 2496 pro
352 2426 416 2479 uin
430 2440 536 2480 uacuis
552 2441 656 2480 nosris
668 2426 763 2495 scripsi
775 2443 837 2479 cum
849 2425 1023 2479 Lachmanne

174 2516 245 2570 Tam
266 2512 380 2581 maenis
400 2510 511 2568 nicea.
546 2515 638 2566 tamen
657 2511 799 2580 Bernaysii
815 2511 886 2565 Tam
905 2525 1024 2579 murrae

169 2602 252 2658 calis
263 2601 380 2656 fortasse
392 2600 524 2669 praestat.

223 2691 273 2740 509
293 2700 323 2739 v1
342 2699 427 2740 vnnul
446 2701 482 2738 ex
501 2683 626 2754 proximo
643 2701 724 2738 versu
736 2683 855 2752 irrepsit.
890 2683 959 2752 quid
972 2683 1024 2736 Lu-

169 2773 271 2828 cretius
290 2771 429 2841 scripserit
442 2770 496 2825 diei
508 2788 561 2826 non
578 2775 680 2840 petest
719 2789 769 2840 ege
787 2787 925 2838 umorem,
938 2769 1024 2824 Lach-

171 2876 286 2914 mannus
298 2857 463 2913 Wakefieldi
475 2859 658 2912 coniecturam
670 2858 801 2911 amatia
814 2856 928 2925 recepit.

224 2950 275 3001 518
293 2962 343 3015 pre
355 2960 385 2999 vr
397 2943 586 2998 Lachmaunus
603 2960 664 2997 cunr
686 2943 840 2997 sententiae
858 2939 1025 2995 detrimento

172 3031 261 3099 aquis.
297 3031 404 3084 ‘nubila
428 3035 546 3100 utraque
558 3031 602 3084 ria
619 3034 762 3098 urgentur,
782 3029 884 3100 quippe
901 3031 931 3082 et
948 3026 1027 3096 copia

173 3135 221 3172 sua
233 3117 396 3186 curnuloque
408 3117 520 3186 ingenti,
532 3119 561 3172 et
574 3117 653 3171 simul
665 3118 771 3187 impetu
783 3117 858 3170 venti
870 3114 982 3185 pressa'.
