2252 3530
548 141 621 197 IIII
971 143 1009 199 93
1086 197 1097 207 ,,

154 251 302 318 propterea
320 245 385 316 quia
402 248 466 299 sunt
484 244 613 313 oprimis
630 245 704 299 facta
722 246 836 300 minutis

155 342 225 393 quae
243 324 320 392 quasi
338 321 476 376 cuduntur
493 337 598 390 perque
609 322 687 374 'aeris
704 322 881 378 intervallum

155 419 209 455 non
229 399 358 454 dubitant
376 398 495 452 transire
515 398 642 467 sequenti
660 399 766 453 concita
783 399 865 468 plaga

111 506 143 538 ‚0³
156 494 261 548 perque
278 476 371 530 volare
388 492 464 528 mare
481 492 513 529 ac
531 479 622 530 terras
640 475 800 544 caelumque
818 477 916 542 rigare.

111 579 144 611 aa
157 553 353 624 suppeditatur
370 552 442 604 enirn
460 551 604 604 confestim
622 551 723 605 lumine
740 550 831 605 lumen
975 567 1011 607 rao

157 634 187 685 ct
205 629 283 700 quasi
300 627 407 697 protelo
426 627 584 681 stimulatur
601 627 708 696 fulgere
725 627 824 698 fulgur.

157 708 326 777 quapropter
344 704 489 758 simulacra
507 705 567 773 pari
585 704 691 758 ratione
708 721 820 759 necesse
838 710 880 760 est

156 781 361 836 inmemorabile
380 797 431 850 per
449 781 568 850 spatium
587 784 775 834 transcurrere
794 798 874 850 posse

157 860 289 928 temporis
307 858 335 910 in
354 861 464 926 puuct0,
483 857 602 926 primurn
621 856 695 926 quod
712 858 825 927 parvola
842 876 924 913 causa

157 939 201 990 est
218 934 312 1004 procul
331 951 348 986 a
365 937 444 1002 tergo
463 950 532 1001 quae
550 933 684 1003 provehat
701 937 784 1002 atque
803 936 945 1004 propellat,
975 951 1011 990 195

111 1033 144 1065 1⁹⁶
158 1011 257 1066 deinde
277 1009 351 1079 quod
368 1026 456 1078 usquc
475 1009 544 1062 adeo
563 1012 675 1062 textura
693 1009 819 1079 praedita
837 1027 899 1064 rara
976 1035 978 1039 v

157 1089 314 1153 mittuntur,
333 1086 412 1139 facile
431 1089 462 1138 ut
481 1085 589 1153 quasvis
607 1089 752 1155 penetrare
770 1091 873 1154 queant
890 1104 935 1142 res

88 1161 90 1166 ’
158 1168 188 1218 et
206 1163 283 1233 quasi
301 1178 464 1232 permanare
481 1178 532 1232 per
551 1162 622 1215 aeris
639 1162 820 1218 intervallum.

34 1301 37 1308 ¹
157 1244 302 1310 praeterea
320 1239 413 1306 siquae
431 1239 543 1307 penitus
562 1239 721 1307 corpuscula
739 1257 831 1294 rerum

112 1333 144 1365 no
157 1334 191 1370 ox
209 1316 320 1385 altoque
338 1315 411 1367 foras
429 1315 586 1382 mittuntur,
604 1314 668 1368 solis
685 1315 727 1368 uti
745 1315 792 1368 lux
974 1333 1011 1372 roo

156 1410 188 1447 ac
207 1408 298 1462 vapor,
316 1391 384 1444 haec
402 1393 505 1460 puncto
522 1394 672 1444 cernuntur
689 1390 767 1460 lapsa
785 1392 839 1446 diei

155 1487 206 1538 per
223 1472 313 1522 totum
332 1466 401 1521 caeli
420 1466 538 1535 spatium
557 1466 712 1521 diffundere
731 1485 797 1522 sese.

156 1545 223 1614 qnid
241 1562 311 1613 quae
330 1547 394 1598 suut
412 1543 496 1612 igitur
513 1543 568 1596 iam
585 1543 674 1612 prima
691 1543 782 1599 fronte
801 1547 916 1614 paratal

111 1637 144 1670 ros
157 1639 219 1676 cum
238 1622 373 1674 iaciuntur
392 1623 421 1674 et
439 1621 567 1674 emissum
585 1637 631 1674 res
648 1620 724 1673 nulla
741 1625 872 1690 moratur,

112 1719 144 1752 ns
156 1697 230 1766 qnod
249 1699 382 1767 superest,
400 1696 447 1749 ubi
465 1700 522 1750 tam
540 1696 643 1750 volucri
661 1696 774 1751 levitate
791 1698 921 1765 scrantur,
976 1712 1011 1754 205

111 1787 145 1820 ’ω
156 1791 246 1842 quone
264 1773 343 1828 vides
361 1773 443 1827 citius
462 1773 564 1826 debere
583 1777 611 1828 et
628 1773 735 1842 longius
752 1775 793 1828 ire

155 1850 354 1920 multiplexque
372 1848 423 1902 loci
442 1850 557 1918 spatium
577 1853 764 1904 transcurrere
782 1852 878 1906 eodem

155 1931 280 1996 temporo
299 1943 352 1994 quo
371 1925 434 1979 solis
453 1926 613 1993 pervolgant
630 1925 734 1980 lumina
752 1928 873 1984 caeluml

156 2004 207 2058 hoo
225 2003 308 2056 etiam
327 2002 354 2056 in
372 2003 467 2072 primis
486 2003 623 2070 specimen
641 2019 737 2056 uerum
755 2021 815 2058 esse
832 2005 942 2060 uidetur
965 2072 969 2079 Ι

157 2097 239 2150 quam
257 2079 338 2132 celeri
357 2081 434 2131 motu
451 2095 543 2131 rerum
562 2079 705 2132 simulacra
722 2080 854 2150 ferantur,
976 2097 1012 2137 210

157 2157 232 2225 quod
250 2154 329 2208 simul
348 2171 379 2208 ae
396 2155 515 2224 primum
534 2154 585 2208 sub
605 2154 653 2208 diu
671 2155 801 2223 splendor
818 2157 900 2226 aquai

155 2234 274 2303 ponitur,
291 2231 428 2298 extemplo
447 2230 521 2283 caelo
540 2230 667 2284 stellante
686 2247 781 2286 serena

157 2309 248 2364 sidera
265 2306 432 2374 respondent
450 2307 478 2359 in
497 2322 568 2374 aqua
584 2305 720 2360 radiantia
737 2309 838 2362 mundi.

155 2385 246 2440 iamne
263 2383 341 2439 vides
358 2383 442 2449 igitur
460 2398 542 2449 quam
559 2386 660 2450 puncto
678 2384 801 2451 tempore
818 2385 908 2453 imago

157 2461 276 2516 aetheris
294 2476 329 2512 ex
347 2459 401 2511 oris
419 2458 447 2510 in
465 2460 602 2511 terrarum
621 2456 727 2510 accidat
743 2461 822 2514 orasl
855 2485 859 2493 ¹
977 2479 1012 2516 ars

156 2554 241 2608 quare
259 2535 344 2591 etiam
361 2538 444 2604 atque
462 2533 545 2588 etiam
562 2534 632 2587 mira
648 2532 753 2589 fateare
770 2541 909 2592 necessest

157 2707 270 2760 corpora
288 2705 358 2760 quae
375 2689 475 2742 feriant
493 2687 584 2745 oculos
601 2688 743 2758 visumque
759 2689 901 2762 lacessant.

155 2769 344 2836 perpetuoque
361 2765 450 2817 fluunt
468 2764 550 2818 certis
568 2763 603 2817 ab
620 2765 703 2818 rebus
721 2766 831 2830 odores;

154 2843 243 2912 frigus
261 2844 293 2897 ut
310 2858 327 2894 a
344 2841 440 2908 fluviis,
458 2840 531 2893 calor
548 2841 583 2894 ab
601 2841 665 2909 sole,
684 2847 776 2896 aestus
793 2840 829 2894 ab
846 2842 927 2896 undis

156 2919 282 2988 aequoris
299 2933 397 2972 exesor
413 2934 567 2971 moerorum
584 2917 664 2972 litora
682 2919 789 2972 circum.
977 2935 1011 2972 azo

156 3012 208 3050 nee
226 2994 317 3048 variae
335 2996 443 3048 cessant
460 3010 540 3048 voees
558 2993 673 3048 volitare
691 3011 741 3063 per
759 3011 846 3050 auras.

157 3071 277 3140 denique
293 3071 322 3123 in
340 3086 371 3122 os
390 3069 454 3123 salsi
471 3071 547 3124 vonit
563 3087 643 3124 umor
661 3087 742 3140 saepe
760 3073 872 3140 saporis,

158 3163 220 3202 cum
237 3163 313 3200 mare
329 3163 470 3200 versamur
486 3149 609 3215 propter,
627 3147 769 3215 dilutaque
787 3150 881 3202 contra

158 3239 221 3278 curn
239 3223 342 3276 tuimur
359 3222 472 3286 misceri,
486 3222 629 3290 absinthia,
647 3223 738 3290 tangit
755 3239 867 3276 anraror.
