2244 3532
576 146 594 201 I
996 151 1012 207 3

159 264 240 315 quem
258 223 347 317 neque
365 249 438 302 fama
455 249 538 302 deum
556 265 605 302 nee
623 249 736 304 fulmina
753 263 803 306 neo
821 252 960 308 minitanti

1 279 2 302 l

1 313 2 324 ¹
65 387 69 394 ⁸
159 341 298 379 murmure
315 327 477 394 compressit
493 327 606 406 caelum,
625 328 675 382 sed
693 345 725 382 eo
742 331 831 398 magis
847 347 938 386 acrem

1 403 3 430 l
157 400 253 456 inritat
271 401 354 456 animi
371 402 511 471 virtutem,
527 402 674 472 effringere
692 407 724 458 ut
741 408 804 460 arta
1000 421 1012 460 o

156 481 272 531 naturae
289 477 553 547 primnsportarum
570 479 690 535 claustra
707 497 821 550 cuprrc.

158 569 223 621 ergo
241 554 390 608 vividaria
408 555 492 608 animi
509 556 631 624 pervicit,
649 558 679 610 ct
696 559 777 611 extra

157 630 291 698 processit
308 631 388 698 longe
405 630 574 687 flammantia
590 633 697 686 moenia
714 633 808 687 mundi

157 711 240 774 atque
258 724 338 761 omne
355 709 518 786 immensum
536 710 694 778 peragravit
712 713 805 764 niente
822 710 975 780 animoque,

156 782 230 837 unde
248 784 334 839 refert
350 784 429 838 nobis
447 785 534 839 victer
551 786 619 854 quid
636 784 722 854 possit
740 786 813 854 oriri,
987 802 1011 842 rs

157 859 225 927 quid
241 863 369 928 nequeat,
387 861 464 915 finita
481 865 605 930 potestas
623 861 744 930 denique
761 863 860 931 cuique

156 952 273 1004 quanam
292 936 329 990 sit
345 937 452 991 ratione
469 941 554 1005 atque
572 938 629 991 ulte
647 938 780 992 terminus
797 938 920 993 haerens.

157 1028 242 1080 quare
259 1013 355 1080 religio
373 1012 491 1081 podibus
509 1012 632 1067 subiecta
649 1014 766 1066 vicissim
822 1003 868 1024 '¹'
894 895 1114 1095 ‘w

156 1089 299 1156 optentur,
318 1105 367 1142 nos
385 1092 522 1157 exaequat
539 1090 654 1143 victoria
671 1090 754 1145 caelo.

192 1164 269 1223 iliud
283 1165 311 1216 in
329 1163 372 1217 his
390 1165 473 1217 rebus
491 1181 593 1232 vereor,
611 1165 735 1219 neforto
753 1167 840 1220 rearis
986 1182 1011 1220 so

155 1239 230 1307 inpia
246 1244 276 1294 te
293 1241 407 1293 rationis
424 1241 494 1294 inire
511 1241 647 1294 elementa
665 1242 790 1310 viamque

154 1316 300 1397 indugrpdi
319 1315 436 1390 sceleris.
473 1332 508 1369 uo
546 1321 642 1370 contre
660 1318 767 1385 saepius
785 1317 832 1372 illa
876 1251 1039 1378 w

155 1392 251 1461 religio
268 1392 377 1462 peperit
394 1393 528 1445 scelerosa
545 1396 629 1460 atque
646 1393 730 1462 impia
745 1394 825 1448 facta.

156 1468 259 1522 Aulide
277 1485 331 1537 quo
349 1471 429 1537 pacto
448 1469 547 1521 Triviai
566 1469 678 1537 virginis
696 1485 771 1523 aram

101 1597 141 1634 ὓ
155 1545 326 1613 Iphianassai
344 1547 491 1613 turparunt
509 1544 641 1611 sanguiue
659 1541 750 1599 foede¹
984 1564 1008 1602 aa
1028 1481 1084 1626 R

1 1628 3 1664 l
48 1627 50 1632 '
155 1620 284 1677 ductores
296 1622 421 1676 Danaum
439 1621 547 1688 delecti,
566 1621 654 1690 prima
672 1622 798 1676 virorum.

154 1698 197 1752 cui
215 1697 295 1753 simul
311 1698 396 1752 infula
413 1697 549 1765 virgineos
567 1697 735 1752 circumdate
752 1702 876 1769 cqmptus
891 1669 1042 1753 m

154 1791 189 1828 cx
206 1777 324 1843 utraque
341 1757 401 1843 piari
418 1775 550 1826 malarum
569 1779 649 1842 parte
666 1775 811 1842 profirsast
825 1765 850 1782 ‘⁷

154 1854 183 1904 et
203 1854 338 1906 maestum
357 1851 437 1903 simul
456 1854 520 1903 aute
538 1867 600 1903 aras
618 1850 730 1905 adstare
747 1855 890 1920 parentem

154 1928 240 1981 sensit
258 1930 288 1981 ot
306 1927 376 1980 hunc
394 1928 508 1995 propter
525 1927 628 1980 sermm
648 1927 737 1981 celare
754 1928 894 1984 ministros
984 1943 1008 1982 oo

154 2006 322 2071 aspectuque
340 2018 389 2056 suo
407 2002 531 2055 lacrimas
550 2002 690 2056 effundere
707 2004 781 2071 civis,

154 2081 231 2132 muta
248 2082 324 2132 metu
342 2081 444 2132 terram
462 2078 578 2146 genibus
595 2079 738 2133 summissa
755 2079 877 2148 petebat

153 2171 203 2208 nec
220 2155 335 2208 miserae
353 2153 483 2222 prodesse
491 2154 527 2206 in
546 2154 595 2207 tali
613 2157 738 2224 tompore
756 2155 872 2224 quibat.

153 2229 229 2299 quod
246 2231 337 2300 patrio
355 2231 480 2298 princeps
498 2230 615 2285 donarat
632 2233 740 2285 rrourine
758 2249 859 2299 regom.

153 2321 217 2359 nam
229 2305 337 2359 sublata
348 2305 437 2384 virum
442 2305 573 2384 manibus
584 2306 817 2375 tremibundaque
829 2309 865 2362 ad
877 2325 939 2363 aras
982 2325 1006 2363 aa

155 2381 309 2449 deductast,
326 2397 380 2434 non
398 2383 430 2434 ut
448 2380 571 2434 sollemni
588 2398 665 2435 more
684 2367 822 2438 sacrorum
1025 2441 1038 2461 ·

153 2457 276 2527 perfecto
292 2460 385 2525 posset
402 2457 476 2510 claro
492 2457 617 2510 comitari
635 2457 802 2526 Hymenaeo,
908 2436 1120 2636 W

154 2534 204 2587 sed
221 2536 297 2586 easta
312 2532 418 2586 inceste
436 2531 556 2586 nubendi
574 2536 698 2601 tempore
715 2533 743 2587 in
761 2533 820 2603 ipso

153 2610 243 2664 hostia
260 2608 416 2663 concideret
433 2593 561 2662 maa-Eli
573 2613 677 2664 maesta
694 2610 823 2679 parentis,
839 2507 889 2738 λζ

152 2687 243 2741 exitus
260 2688 293 2740 ut
309 2685 389 2739 classi
405 2685 471 2739 felix
488 2685 649 2755 faustusque
666 2687 787 2745 daretur.

153 2767 260 2818 tautum
279 2762 373 2830 religio
390 2763 480 2830 potuit
498 2763 614 2816 suadere
632 2763 772 2818 malorum.
822 2811 824 2818 .

188 2840 316 2894 Tutemet
334 2856 351 2891 a
366 2838 446 2892 nobis
463 2838 517 2891 iam
536 2839 630 2906 quovis
647 2843 772 2908 tempore
790 2844 882 2896 vatum

153 2915 310 2984 terriloquis
328 2916 417 2969 victus
434 2914 516 2968 dictis
534 2915 684 2968 desciscere
702 2932 824 2992 quaeres.

153 2994 254 3062 quippe
272 2994 373 3047 etenim
392 3007 474 3060 quam
491 2992 578 3045 multe
595 2991 646 3044 tibi
662 2992 716 3044 iam
733 2992 840 3060 fingere
856 2997 970 3063 possunt

153 3069 257 3124 somnia
274 3085 345 3138 quae
362 3069 435 3122 vitae
451 3068 571 3122 rationes
588 3071 696 3122 vertere
713 3068 819 3135 possint
968 3086 1003 3123 roa

152 3146 330 3214 fortunasque
347 3147 410 3198 tuas
427 3144 515 3198 omnis
532 3145 645 3198 turbare
662 3144 775 3204 timore!

153 3225 184 3278 ct
200 3221 306 3277 merito.
325 3237 387 3274 nam
406 3219 429 3274 si
447 3223 549 3276 certam
567 3219 649 3274 finem
668 3237 727 3274 csse
746 3220 871 3277 viderent

970 2705 1005 2743 1⁰0
