2234 3526
136 138 191 194 166
529 135 578 190 Vl

133 242 238 297 fervida
255 243 288 295 fit
305 242 383 312 glans
401 243 428 294 in
447 258 536 310 cursu,
553 256 615 294 curn
633 239 720 292 multa
737 239 836 307 rigoris

133 336 247 388 corpora
265 319 406 372 dimittens
424 319 514 386 ignem
531 317 656 386 concepit
672 317 700 368 in
718 316 799 370 auris.

135 397 166 450 fit
184 411 292 464 quoquc
309 398 341 448 ut
359 395 444 463 ipsius
461 394 558 462 plagae
576 393 617 446 vis
635 393 737 446 excitet
754 391 853 461 ignom.

133 472 232 540 frigida
249 488 310 524 cum
328 471 403 524 venti
420 471 525 540 pepulit
542 470 583 523 vis
600 470 683 522 missa
700 470 757 524 sinc
775 469 838 550 igni,
948 484 989 522 ano

133 549 259 602 nimirum
277 550 351 616 quia,
366 564 427 601 cum
445 547 564 601 vementi
582 545 699 614 perculit
716 545 781 611 ictu,
983 542 986 546 ’

134 625 268 680 confluere
286 642 320 679 ex
337 627 398 695 ipso
416 627 530 693 possunt
548 623 684 676 elementa
702 622 808 689 vaporis

133 705 163 755 et
180 701 260 755 simul
278 719 312 756 ex
329 702 377 756 illa
394 717 464 770 quae
481 704 541 753 tum
559 715 604 753 res
622 698 725 767 excipit
742 698 826 751 ictum
835 720 841 763 ;

132 781 171 843 ut,
188 778 307 847 lapidem
324 780 397 833 ferro
415 794 476 830 cum
495 776 641 844 caedimus,
660 774 750 828 evolat
768 775 845 842 ignia,

133 872 191 921 nec,
208 855 282 923 quod
299 854 400 923 frigida
418 854 458 906 vis
476 853 577 918 sarriet,
596 852 647 905 hoc
667 851 752 904 setius
771 851 809 903 illi
949 864 990 902 315

134 932 235 986 semina
252 933 417 986 concurrunt
435 929 515 983 calidi
534 929 647 997 fulgoris
665 927 701 982 ad
718 928 809 982 ictum.

134 1009 271 1076 sicigitur
289 1019 399 1077 quoque·
414 1023 460 1059 res
478 1006 591 1059 accendi
608 1005 721 1058 fulmine
740 1004 830 1061 debet.

134 1088 287 1153 opportuna
304 1084 356 1137 fuit
375 1083 397 1136 si
414 1083 486 1135 forte
504 1086 533 1135 et
550 1082 650 1134 idonea
668 1080 789 1134 flammis.

135 1178 184 1214 nec
202 1165 308 1214 temere
325 1159 433 1213 omnino
451 1157 531 1228 plane
549 1158 590 1211 vis
608 1157 708 1225 frigida
725 1157 800 1210 venti

135 1254 194 1291 esse
212 1241 312 1306 potest,
329 1252 362 1290 ea
380 1252 450 1303 quae
467 1237 545 1288 tanta
563 1235 590 1287 vi
608 1235 691 1287 missa
709 1235 861 1302 supemest,
949 1245 989 1285 aaa

134 1314 208 1382 quin,
226 1313 302 1383 prius
319 1312 347 1366 iu
365 1328 446 1366 cursu
465 1312 487 1365 si
504 1328 559 1364 non
576 1309 736 1364 accenditur
753 1308 817 1376 igni,

134 1392 170 1443 at¹
181 1390 318 1458 tepefacta
335 1393 427 1444 tamen
445 1388 536 1442 veniat
556 1386 703 1440 commixta
721 1384 817 1438 calore.

148 1520 150 1526 ,
169 1465 308 1519 Mobilitas
327 1469 418 1519 autem
437 1464 469 1518 fit
486 1463 606 1517 fulminis
624 1465 653 1515 ct
670 1461 761 1529 gravis
779 1461 857 1527 ictus,

135 1546 165 1597 et
183 1542 264 1596 celeri
282 1543 368 1596 senne
386 1543 549 1610 percurrunt
567 1539 679 1592 fulmina
696 1538 782 1607 lapsu,

136 1619 253 1674 nubibus
271 1619 330 1689 ipsa
347 1617 421 1687 quod
439 1617 546 1670 omnino
564 1617 640 1685 prius
657 1616 741 1668 incita
759 1631 788 1668 se
806 1615 847 1667 vis
949 1627 988 1666 825

134 1697 237 1765 colligit
255 1699 284 1752 et
301 1711 430 1764 magnum
448 1711 577 1748 conamen
596 1691 679 1746 sumit
697 1692 787 1759 erindi,

134 1774 199 1827 inde
216 1773 263 1826 ubi
280 1789 333 1826 non
351 1773 442 1842 potuit
460 1771 545 1824 nubes
564 1787 662 1840 capere
680 1769 780 1838 inpetis
798 1772 915 1836 auctum,

134 1850 297 1918 exprimitur
316 1849 357 1901 vis
375 1853 458 1916 atque
476 1847 538 1900 idco
556 1847 630 1900 volat
647 1846 751 1915 impeto
770 1845 847 1912 mir0,

133 1929 164 1978 ut
182 1924 280 1977 validis
298 1941 367 1992 quae
386 1925 421 1977 de
439 1925 584 1977 tormentis
601 1923 684 1976 missa
702 1923 834 1976 feruntur.

134 2001 206 2054 adde
226 2000 300 2067 quod
313 2005 334 2053 ‘e
352 1999 443 2069 parvis
461 2003 490 2052 et
506 1999 611 2052 levibus
629 2003 672 2054 cst
690 1998 840 2068 elementis,
950 2011 990 2049 sao

133 2093 183 2130 nec
200 2076 306 2130 facilest
324 2076 373 2130 tali
391 2078 505 2128 naturae
524 2076 657 2144 opsistere
675 2075 828 2144 quicquam.

133 2154 206 2207 inter
228 2152 299 2206 enirn
318 2153 389 2220 fugit
407 2168 439 2206 ac
456 2155 584 2221 penetrat
601 2168 652 2219 per
669 2167 731 2204 rara
747 2151 859 2215 viarum,

135 2247 187 2283 uon
207 2228 292 2297 igitur
311 2229 405 2283 multis
422 2227 568 2282 offensibus
586 2228 613 2280 in
631 2227 794 2282 remorando

133 2307 259 2374 haesitat,
279 2306 349 2360 hanc
367 2306 478 2359 obrem
496 2305 578 2359 celeri
596 2304 671 2358 volat
688 2306 791 2372 impete
810 2304 912 2358 labens.

135 2384 242 2452 deinde,
263 2384 335 2452 quod
354 2383 463 2436 omnino
481 2387 580 2435 natura
597 2382 720 2452 pondera
738 2381 864 2434 deorsum
952 2397 991 2435 ³35

136 2461 226 2514 omnia
245 2461 378 2527 nituntur,
396 2475 457 2512 cum
475 2459 583 2527 plagast
601 2457 696 2510 addita
713 2473 786 2525 vero,

136 2537 274 2590 mobilitas
293 2536 448 2605 duplicatur
466 2539 494 2588 et
512 2535 631 2603 impetus
649 2533 694 2586 ille
712 2533 855 2600 gravescit,

135 2617 166 2666 ut
183 2607 337 2668 vementius
355 2615 384 2666 et
402 2612 482 2665 citius
500 2627 688 2678 quaecumque
706 2613 848 2663 morantur

135 2690 214 2744 obvia
232 2689 363 2743 discutiat
379 2687 469 2757 plagis
487 2688 624 2755 itinerque
642 2689 781 2754 sequatur.

137 2768 253 2835 denique
272 2766 347 2835 quod
360 2765 440 2833 longo
458 2764 532 2817 venit
548 2763 657 2830 impete,
675 2779 783 2816 sumere
801 2761 884 2815 debet
954 2773 992 2812 ato

136 2843 319 2898 mobilitatem
337 2842 420 2896 etiam
439 2846 522 2909 atque
541 2841 631 2907 etiam,
650 2856 720 2908 quae
738 2839 837 2893 crescit
854 2837 944 2892 eundo

137 2924 166 2974 et
184 2920 289 2972 validas
307 2922 390 2988 auget
407 2919 472 2972 viris
490 2921 518 2971 ct
536 2916 647 2970 roborat
665 2917 757 2970 ictum.

136 3013 198 3049 nam
216 2996 282 3050 facit
299 2999 331 3049 ut
349 3012 420 3065 quae
438 2995 493 3047 sint
510 2993 582 3046 illim
601 2993 704 3046 semina
722 3008 838 3060 cumque

135 3073 280 3140 cregiono
297 3073 386 3126 locum
404 3071 483 3140 quasi
501 3069 529 3122 in
548 3085 631 3122 unum
650 3074 749 3122 cuncta
765 3070 896 3133 formatur,

137 3149 227 3201 omnia
244 3148 380 3201 coniciens
398 3148 425 3200 in
444 3162 507 3198 eum
525 3145 661 3198 volventia
678 3161 795 3198 cursum.
954 3158 993 3198 atu

138 3223 251 3276 forsitan
270 3239 303 3275 ox
321 3223 381 3291 ipso
399 3223 509 3275 veniens
527 3221 619 3275 tralmt
637 3237 700 3274 acro
719 3220 853 3288 quaedam
