2234 3526
138 141 193 198 164
530 135 579 192 VI

134 240 298 312 corporibus,
316 240 360 293 cni
377 239 415 292 nil
433 238 542 292 omnino
559 237 693 292 obsistere
710 239 805 307 possit.

134 318 233 373 transit
250 316 322 370 enim
339 315 460 369 validum
477 315 580 368 fulmen
597 331 648 384 per
666 319 760 383 saepta
779 316 930 385 domorum,

135 395 235 448 clamor
251 397 283 446 ut
300 409 331 445 ac
349 408 435 459 voces,
453 390 553 445 transit
570 407 621 460 per
639 407 712 457 saxa,
728 408 780 461 per
796 409 867 457 aera,
939 417 942 423 =

135 474 163 524 et
180 469 312 538 liquidum
330 473 430 537 puncto
446 467 512 521 facit
529 484 576 520 aes
593 467 621 519 in
639 471 763 536 tempore
781 471 933 532 atomum,
950 483 989 522 see

136 548 213 598 curat
231 547 298 598 item
316 545 387 598 vasis
404 545 519 612 integris
538 543 601 596 vina
617 546 733 612 repente

136 621 286 688 (Effugiant,
305 621 369 689 quia
384 620 512 673 nimirum
530 620 609 674 iacile
626 620 716 672 omnia
732 620 834 674 circum

137 698 261 751 conlaxat
278 714 394 766 rareque
412 697 478 751 facit
495 697 655 750 lateramina
672 695 744 750 vasis

137 775 282 828 adveniens
299 775 372 828 calor
389 775 447 828 eius
465 779 493 829 et
510 775 662 827 insinuatus
679 774 708 826 in
725 773 814 842 ipsum

137 851 275 906 mobiliter
292 851 399 905 soluens
417 851 509 904 differt
526 849 676 919 primordia
692 849 754 903 vini.
952 865 991 903 aas

137 928 211 997 quod
228 929 290 983 solis
307 945 392 998 vapor
408 931 527 982 aetatem
545 944 598 980 non
616 943 695 995 posse
712 926 822 979 videtur

138 1005 244 1059 efficere
260 1021 345 1073 usque
363 1004 432 1058 adco
449 1003 552 1073 pellens
569 1003 677 1057 fervore
695 1018 813 1056 corusco.

76 1119 79 1126 »
138 1086 215 1136 tanto
233 1081 358 1136 mobilior
375 1081 416 1134 vis
433 1085 462 1134 et
480 1079 661 1133 dominantior
678 1079 746 1132 haec
764 1081 814 1132 est.

173 1159 197 1211 N
200 1175 252 1212 unc
269 1175 302 1212 ea
319 1174 374 1226 quo
391 1160 472 1227 pacto
489 1157 635 1224 gignantur
653 1159 682 1210 et
699 1157 802 1225 impete
819 1158 897 1208 tauto

138 1236 206 1288 fiant
223 1239 254 1288 ut
272 1235 377 1304 possint
394 1235 452 1287 ictu
469 1232 623 1286 discludere
641 1232 734 1298 turris,
952 1249 990 1288 sse
1102 1269 1104 1292 ι

139 1312 293 1366 disturbare
311 1312 413 1376 domos,
431 1309 548 1364 avellere
565 1310 642 1376 tigna
659 1309 814 1379 trabesque,
1102 1293 1104 1374 l

140 1395 168 1442 et
185 1389 350 1442 monimenta
366 1388 454 1441 virum
472 1386 597 1440 demoliri
615 1389 698 1454 atque
716 1403 845 1453 cremare,
1102 1375 1104 1408 ¹

140 1466 293 1520 exanimare
310 1464 440 1530 homines,
458 1463 576 1533 pecudes
593 1467 768 1530 prosternere
785 1463 894 1531 passim,

140 1548 232 1598 cetera
249 1542 284 1596 de
301 1557 401 1611 genere
418 1541 469 1595 hoe
487 1539 581 1608 quavi
599 1540 689 1593 iacere
708 1540 798 1592 omnia
815 1540 928 1609 possint,

140 1620 291 1690 expediam,
307 1635 395 1687 neque
408 1625 432 1673 to
449 1618 477 1671 in
494 1617 633 1686 promissis
650 1617 730 1686 plura
747 1616 882 1670 morabor.
953 1631 990 1670 ess

176 1697 299 1750 Fulmina
315 1695 422 1764 gignier
440 1711 455 1748 e
473 1693 571 1748 crassis
588 1693 697 1760 alteque
715 1693 895 1761 putandumst

140 1774 257 1827 nubibus
274 1773 423 1837 extructis;
440 1788 503 1824 nam
521 1770 595 1824 caelo
614 1770 687 1822 nulla
706 1787 802 1823 sereno

140 1868 189 1904 nec
207 1849 302 1902 leviter
320 1848 412 1902 densis
429 1849 578 1901 mittuntur
595 1846 711 1899 nubibus
729 1863 865 1914 umquam.

141 1943 203 1978 nam
222 1923 304 1977 dubio
321 1924 414 1993 procul
431 1924 482 1976 hoc
500 1923 560 1976 ficri
577 1922 722 1976 manifesta
740 1922 821 1977 docet
837 1939 898 1990 res3

141 2000 214 2068 quod
231 2005 289 2060 tum
306 2017 357 2068 per
374 2003 463 2053 totum
481 2002 657 2052 concrescrmt
675 2015 739 2053 acra
756 1999 849 2064 nubes,
953 2015 992 2054 aso

140 2073 261 2145 undique
279 2077 319 2130 uti
338 2076 465 2130 tenebras
482 2075 570 2129 omnis
589 2075 750 2130 Acherunta
767 2094 876 2130 reamur
919 2111 922 2118 .

139 2153 249 2222 liquisse
267 2156 296 2206 et
313 2169 424 2217 magnas
442 2152 509 2206 caeli
527 2152 675 2220 complesse
693 2169 830 2206 cavernas.

141 2247 227 2298 usque
245 2229 313 2282 adeo
330 2232 420 2298 taetra
439 2228 591 2282 nimborum
609 2233 688 2282 nocte
707 2234 800 2284 coorta
1101 2289 1103 2296 ἢ

141 2307 289 2375 inpendent
307 2309 382 2359 atrae
400 2305 552 2358 formidinis
570 2322 618 2358 ora
637 2322 761 2375 superne,
1099 2337 1103 2378 l

141 2400 201 2436 cum
219 2382 366 2436 commoliri
385 2385 533 2450 tempestas
551 2381 663 2434 fulmina
681 2386 797 2451 coeptat.
953 2398 992 2436 ass

141 2453 284 2528 practerea
303 2475 433 2527 persaepe
451 2459 528 2526 niger
545 2474 654 2526 quoquc
672 2473 721 2526 per
740 2475 814 2512 mare
832 2459 946 2524 nimbus,

143 2540 173 2588 ut
190 2535 258 2604 picis
277 2551 292 2588 e
310 2535 383 2587 caelo
402 2534 549 2587 demissum
566 2533 674 2600 flumen,
693 2533 720 2586 iu
737 2534 825 2588 nudas

141 2613 179 2665 sic
197 2611 269 2664 cadit
287 2610 398 2663 effertus
415 2610 535 2664 tenebris
553 2610 646 2678 procul
664 2614 693 2663 ct
711 2610 797 2664 trahit
814 2615 902 2664 atram

141 2687 297 2741 fulminibus
314 2687 454 2754 gravidam
472 2689 666 2755 tempestatem
684 2690 768 2755 atque
786 2688 919 2756 procellis,

141 2764 248 2832 ignibus
266 2780 297 2816 ac
315 2762 405 2816 ventis
423 2779 484 2816 cum
501 2763 596 2830 primis
613 2762 672 2830 ipse
689 2762 820 2830 repletus,
954 2779 992 2818 seo

141 2841 169 2893 in
186 2844 261 2893 terra
278 2856 386 2908 quoque
403 2842 436 2892 ut
452 2838 611 2892 horrescant
628 2855 660 2891 ae
677 2841 751 2892 tecta
769 2841 917 2907 requirant.

142 2916 281 2983 sicigitur
299 2932 398 2984 supera
415 2918 638 2984 nostrumlcaput
656 2931 716 2968 esse
733 2917 913 2984 putandumst

141 2996 334 3060 tempestatem
353 2993 443 3046 altam.
461 3009 549 3061 neque
567 2992 639 3045 enim
657 2991 770 3059 caligine
788 2997 866 3047 tanta

142 3068 290 3120 obruerat
308 3073 403 3133 terras,
422 3069 474 3121 nisi
491 3067 664 3121 inaedificata
682 3084 797 3136 superno

66 3163 68 3168 ’
143 3142 229 3194 multa
245 3143 334 3195 forent
351 3144 446 3197 multis
464 3146 591 3212 exempto
610 3143 703 3196 nubila
720 3144 791 3209 sole;
955 3160 993 3200 aas
1101 3145 1102 3160 ¹

141 3233 191 3269 nec
208 3218 285 3267 tanto
304 3221 413 3282 possent
431 3219 570 3271 venientes
588 3218 740 3285 opprimere
758 3220 847 3286 imbri,
