2234 3526
546 138 578 197 V
940 146 995 204 137

145 247 175 300 et
192 246 277 314 magis
294 245 345 298 hoo
363 243 469 298 lunam:
488 246 590 311 quanto
609 243 753 298 demissior
770 244 828 298 0100

144 338 238 376 eursus
256 320 335 374 abest
352 319 445 388 procul
464 335 481 372 0
499 318 573 371 eaelo
591 318 727 386 terrisque
745 321 919 390 propinquat,
962 338 998 376 00

144 401 221 452 tanto
240 413 319 466 posse
337 395 427 448 minus
444 412 505 449 eum
525 395 609 462 signis
626 395 741 449 tendere
759 412 875 451 cursum.

144 472 297 527 flaccidiore
316 472 418 525 etenim
437 474 539 539 quanto
557 472 610 524 iam
628 471 739 525 turbine
758 472 846 526 fertur

143 549 257 602 inferior
274 565 355 616 quam
374 547 421 613 sol,
438 550 517 601 tanto
535 548 621 614 magis
639 547 730 600 omnia
748 548 825 616 sigua

143 625 212 678 hanc
230 624 417 692 adipiscuntur
434 624 536 677 circum
554 627 719 691 praeterque
737 625 869 680 feruntur.

144 704 290 768 propterea
307 701 339 752 fit
357 704 389 753 ut
407 700 473 752 haee
492 699 527 752 ad
546 701 652 767 signum
670 701 800 769 quodque
818 703 920 757 reverti
962 719 997 758 000

144 776 270 830 mobilius
288 775 421 844 rideatur,
439 776 563 830 adhunc
581 777 645 844 quia
662 778 740 844 signa
758 778 888 833 revisunt.

144 853 176 906 111
195 869 304 921 quoque
322 856 354 906 nt
372 869 387 905 e
407 852 501 905 mundi
520 853 684 906 transversis
702 854 827 923 partibus
845 871 893 908 aer

143 929 257 982 alternis
274 933 350 983 certe
369 929 454 982 110000
472 929 542 983 01100
561 932 685 998 tempore
703 931 796 998 possit,

143 1004 190 1072 qui
209 1009 293 1072 queat
311 1005 420 1058 aestivis
438 1006 523 1059 solem
543 1005 692 1060 detrudere
711 1007 793 1074 signis

143 1081 273 1134 brumalis
291 1098 376 1150 usquo
395 1081 430 1135 ad
448 1082 535 1135 flexus
552 1082 729 1151 gelidumque
748 1084 873 1151 rigorem,
960 1100 997 1139 040

144 1161 172 1211 01
190 1159 236 1225 qui
255 1158 350 1211 reiciat
368 1158 466 1225 gelidis
484 1175 500 1211 a
517 1159 627 1226 frigoris
644 1159 747 1212 umbris

143 1233 285 1286 aestiferas
304 1250 391 1302 usque
409 1235 541 1302 inperiis
559 1238 589 1288 ot
606 1235 712 1288 fervida
730 1236 813 1304 signa.

144 1314 173 1363 01
192 1309 299 1364 0011000
317 1309 376 1376 pari
394 1309 485 1362 lunam
505 1310 653 1378 stellasque
671 1311 857 1379 putandumst,

143 1403 213 1455 quae
231 1387 343 1439 volvunt
361 1401 474 1452 magnos
493 1387 520 1438 in
539 1387 644 1454 magnis
662 1386 774 1440 orbibus
792 1404 883 1456 annos,

143 1463 253 1517 aeribus
270 1480 349 1532 posse
367 1462 481 1516 alternis
499 1480 514 1515 0
533 1462 657 1530 partibus
676 1464 721 1516 ire.
960 1479 996 1519 045

142 1556 231 1593 00000
249 1538 326 1592 vides
344 1539 426 1592 etiam
446 1538 670 1592 diversis'nubila
687 1539 776 1593 ventis

143 1615 264 1668 diversas
282 1615 322 1669 ire
340 1616 368 1668 in
385 1615 472 1683 partis
490 1616 595 1668 inferna
613 1615 737 1684 supernis
745 1617 754 1669 ’1

142 1691 188 1760 qui
207 1691 296 1745 minus
313 1691 360 1744 1110
378 1697 479 1759 queant
497 1707 546 1760 per
564 1709 676 1760 magnos
694 1691 814 1746 aetheris
832 1693 906 1746 orbis

142 1768 263 1822 aestibus
282 1768 355 1822 inter
374 1785 403 1821 se
422 1768 536 1822 diversis
555 1768 645 1821 sidera
662 1767 746 1823 ferrii

177 1846 218 1899 At
236 1863 288 1898 nox
307 1844 400 1898 obruit
417 1844 523 1912 ingenti
541 1845 655 1913 ealigine
673 1848 770 1909 terras,
959 1860 995 1899 000

141 1925 189 1975 001
207 1921 253 1974 ubi
272 1922 307 1975 de
325 1921 405 1990 longo
423 1938 505 1975 eursu
523 1921 563 1974 sol
581 1921 677 1975 ultima
695 1921 763 1975 00011

141 1997 251 2066 impulit
270 2003 354 2067 atque
373 2014 436 2052 suos
454 1997 556 2052 efflavit
574 1997 718 2066 languidus
736 1998 806 2066 ignis

142 2089 285 2128 concussos
303 2075 374 2128 itere
393 2078 421 2129 et
438 2075 588 2128 labefactos
606 2091 669 2128 0000
686 2075 781 2142 multo,

142 2153 190 2203 001
209 2151 272 2219 quia
290 2151 340 2204 sub
359 2155 447 2204 terras
466 2161 572 2204 sursum
593 2155 753 2205 convortere
771 2151 843 2219 cogit

141 2226 181 2279 vis
200 2227 303 2294 eadem,
322 2243 406 2294 supra
425 2243 494 2294 quae
515 2229 601 2284 terras
620 2227 735 2294 pertulit
752 2226 854 2279 orbem.
958 2241 995 2280 ese
1086 2235 1090 2246 '

176 2302 310 2371 Tempore
328 2302 393 2354 item
414 2304 490 2354 certo
508 2317 614 2354 roseam
633 2301 743 2356 Matuta
759 2318 810 2370 per
827 2318 888 2354 oras

142 2377 262 2432 aetheris
281 2393 406 2430 auroram
426 2376 519 2430 differt
538 2383 566 2429 01
584 2376 685 2430 lumina
703 2377 806 2446 pandit,

141 2458 190 2508 001
207 2454 271 2522 quia
289 2453 328 2506 001
347 2453 428 2518 idem,
448 2452 499 2504 sub
516 2456 604 2506 terras
622 2453 667 2506 1110
685 2455 833 2518 revertens,

142 2530 275 2598 anticipat
294 2529 396 2584 eaelum
417 2529 501 2582 radiis
519 2528 668 2582 accendere
687 2532 833 2597 temptans,
903 2535 904 2538 ’

142 2609 189 2660 001
207 2606 270 2675 quia
288 2605 450 2660 conveniunt
468 2606 544 2673 ignes
562 2609 590 2659 et
608 2605 711 2659 semina
727 2604 815 2658 multa
958 2619 995 2658 ooo

133 2683 277 2737 ’0001100οο
295 2683 402 2736 ardoris
420 2686 585 2736 consuerunt
603 2686 727 2752 tempore
745 2685 828 2747 00010,

141 2776 211 2829 quae
229 2761 332 2814 iaciunt
350 2760 413 2813 solis
431 2775 501 2812 nova
518 2775 627 2829 semper
644 2759 747 2814 lumina
764 2756 855 2826 gigni;

141 2836 215 2907 quod
232 2853 319 2906 genus
339 2835 430 2890 Idaeis
448 2835 520 2889 lama
538 2840 582 2890 est
599 2853 615 2890 e
632 2836 771 2891 montibus
788 2832 852 2886 altis

142 2914 281 2985 dispersos
299 2914 370 2984 ignis
389 2912 488 2967 orienti
506 2913 607 2969 lumine
625 2914 707 2980 cerui,

140 2991 205 3046 inde
217 2993 289 3048 00100
301 2992 412 3062 globum
425 2989 502 3058 quasi
513 2990 540 3042 iu
553 3007 637 3044 unum
650 2993 678 3044 01
691 2988 824 3044 eonfieere
837 2985 938 3039 orbern.
956 3000 992 3040 005

142 3086 192 3125 nee
210 3075 302 3126 tamen
321 3070 390 3124 illud
408 3068 436 3121 in
453 3066 496 3120 his
513 3066 595 3120 rebus
613 3065 738 3120 mirabile
757 3063 841 3118 debet

84 3193 94 3210 ,
141 3164 209 3215 0000,
227 3148 302 3218 quod
319 3149 386 3202 haee
405 3144 475 3213 ignis
492 3146 550 3196 tam
569 3147 644 3197 00010
663 3147 787 3211 tempore
805 3140 919 3209 possunt

142 3227 245 3341 qqmina
263 3225 399 3280 confluere
417 3225 446 3276 et
464 3217 528 3272 solis
547 3236 676 3290 reparare
694 3219 818 3274 nitorem.
