2244 3532
535 138 562 190 vi

177 266 232 325 121'
251 279 362 322 ‘nunus
400 270 590 324 Lachmannus
602 266 698 320 eidem.

176 357 241 409 Post
260 362 307 410 139
322 373 376 410 non
393 355 489 409 dubito
507 355 572 422 quin
584 353 664 406 huius
679 353 738 405 fere
750 348 824 404 modi
840 347 973 404 exciderit

125 459 218 496 versus
231 443 436 508 Resqucniem
454 447 581 495 creseunt
599 457 693 494 omnes
711 447 736 493 et
755 446 878 506 tempere
892 442 972 491 certo,

124 528 245 580 conferas
264 528 344 580 velim
361 544 432 596 quae
450 527 478 578 in
496 525 583 578 annal.
602 524 731 594 philolog.
750 522 903 577 Cantaber
922 525 974 577 374

124 613 225 680 scripsi.
263 611 450 665 Lachmannus
464 615 495 664 ert
505 619 566 678 per
578 617 616 664 est
632 610 736 664 semine
753 616 825 664 certo
839 610 972 674 Crescere,

124 713 220 763 resque
238 714 327 764 penus
349 705 482 761 cerneum
508 696 592 750 editio
618 696 736 765 Iuntina,
760 711 842 764 quam
865 692 975 764 plurimi

124 781 210 835 secuti
222 785 293 850 sunt,
304 799 354 851 pro
366 789 513 835 crescentes
525 781 609 834 hebet
621 781 772 834 crescendo.
812 774 815 779 ’

177 873 227 921 230
262 884 312 937 pro
330 880 430 920 Lorium
452 869 630 936 Bernaysium
649 870 759 921 secutus
777 867 854 932 lerpe
871 863 973 932 scripsi.

125 952 313 1008 Lachmannus
330 961 492 1022 extentaque
509 955 594 1021 torpe.
631 955 654 1007 si
671 954 714 1007 vel
732 954 825 1008 marei
842 952 975 1020 incenset

125 1038 251 1106 scribere,
265 1038 307 1092 vel
321 1039 444 1094 dativum
456 1044 539 1094 enare*
551 1041 688 1108 Lucretio,
706 1040 753 1109 qui
764 1043 857 1093 tamen
869 1055 883 1092 e
894 1041 975 1092 mere

125 1124 203 1191 dixit,
212 1125 350 1192 adfingere
363 1127 464 1194 liceret,
471 1126 589 1180 libenter
604 1127 755 1180 coniccrcm
770 1127 852 1182 Unde
860 1141 972 1180 mere...

125 1212 212 1278 torpe.
250 1210 287 1264 sie
304 1211 332 1265 in
351 1215 400 1266 326
417 1229 526 1281 quoquc
544 1229 624 1266 mere
635 1229 707 1280 quere
723 1213 879 1281 inpendent
896 1227 976 1282 expe

126 1294 233 1350 ditetur
249 1297 343 1351 enutio.
379 1297 527 1351 Crcechius
545 1301 582 1365 et,
600 1297 675 1367 quod
687 1299 777 1368 miror,
791 1299 934 1353 Bentleius
946 1300 975 1351 et
1043 1289 1046 1293 ’

126 1383 290 1452 Bernaysius
307 1401 387 1438 mere
401 1400 451 1454 pro
467 1385 619 1438 accusativo
634 1385 737 1438 habere
755 1385 890 1439 videntur.
925 1382 976 1436 hcc

125 1468 177 1521 loci
201 1469 344 1538 sententia,
369 1470 474 1523 cellatis
501 1470 534 1522 iis
559 1487 630 1539 quae
656 1469 826 1538 praecedunt
852 1473 881 1523 et
905 1485 976 1538 quac

126 1560 263 1624 secuntur,
282 1560 311 1610 et
335 1571 359 1608 11
383 1562 441 1622 590,
465 1556 604 1622 postulare
627 1555 746 1623 videtur,
770 1555 880 1622 linguas
904 1555 976 1608 ratic

126 1640 240 1708 respuit.
581 1709 583 1712 Ι

178 1727 226 1782 271
263 1741 313 1794 pro
338 1734 449 1776 cosmus
473 1724 569 1793 scripsi
594 1732 706 1792 portus,
736 1728 846 1778 secutus
875 1723 975 1778 librum

127 1814 207 1867 Luur.
222 1812 290 1880 plut.
308 1827 384 1864 xxxv
399 1817 436 1864 31.
474 1809 663 1863 Lachmannus
681 1816 781 1863 cautes.
816 1807 896 1862 multi
914 1826 973 1862 cum

126 1900 169 1954 ed.
184 1900 259 1952 lunt.
268 1905 397 1966 pontum.

179 1991 228 2040 289
264 2001 314 2053 pro
338 1995 409 2034 RUIT
427 1994 486 2040 Qun
509 1982 552 2035 bls
579 1980 688 2048 scriptis
717 1977 848 2032 extremis
873 1977 975 2032 litteris

127 2074 301 2140 mitesque
313 2070 387 2124 dedi.
424 2067 741 2132 Lachmannusrue'tqne
754 2066 802 2120 ite.
843 2094 845 2099 .

178 2161 226 2211 321
264 2173 314 2227 pro
330 2165 453 2206 SPEemM
473 2154 536 2207 olim
557 2151 659 2206 conieci
670 2167 748 2218 spem
767 2165 885 2217 omnem,
902 2148 976 2218 quod

127 2260 162 2297 nc
174 2259 245 2297 nunc
257 2240 369 2310 quidem
381 2239 511 2308 improbo.

180 2337 230 2385 356
265 2345 315 2398 pro
327 2337 452 2380 POSSENT
465 2326 561 2394 scripsi
569 2324 701 2392 possint,·
719 2326 880 2392 mutataque
893 2323 976 2376 inter-

127 2417 275 2488 punctione
305 2414 470 2470 scntentiam
499 2411 649 2481 planiorem
677 2409 738 2465 feci.
785 2409 818 2463 cf.
844 2409 975 2476 Madvigii

127 2505 232 2558 emend.
246 2503 350 2557 Livian.
365 2519 391 2571 p.
404 2505 454 2554 302
469 2499 585 2552 ‘formae
601 2513 656 2550 una
666 2497 751 2550 vocali
765 2496 901 2552 distantes
913 2515 977 2566 pos-

127 2608 192 2658 sem,
200 2589 315 2657 possim,
321 2593 420 2654 posset,
425 2587 516 2653 possit
523 2587 658 2653 perpetue
668 2600 760 2636 crrcre
768 2583 976 2652 permutantur'.

26 2701 29 2708 ⁴
128 2684 317 2737 Lachmannus
337 2679 418 2744 Quod
429 2697 457 2734 n.
475 2679 493 2732 i.
507 2679 573 2745 sint,
586 2694 610 2744 q.
621 2693 652 2743 p.
663 2694 683 2730 e.
696 2693 720 2742 q.
744 2675 881 2730 Transire
898 2675 978 2728 haud

128 2787 154 2822 u.
172 2771 199 2834 f.
216 2787 240 2822 r.
258 2769 388 2832 cideres;
413 2765 487 2836 quod
503 2765 548 2818 vix
567 2763 695 2818 Latinum
714 2762 842 2826 videtur;
864 2777 976 2830 prorsus

128 2857 200 2910 euim
218 2855 357 2909 diversum
371 2857 414 2907 est
439 2855 527 2908 vn76.
563 2853 612 2906 357
630 2847 759 2918 qrrudrati
770 2858 928 2898 venunnur
942 2864 976 2899 cx

127 2943 266 3010 geminata
277 2952 356 2992 ULLA
368 2943 397 2994 et
409 2950 508 2991 FIEREI
521 2941 611 2991 ortum
623 2935 739 2990 videtur.

179 3031 229 3087 367
266 3029 309 3084 ed.
322 3029 395 3083 Iunt.
414 3029 490 3080 recte
501 3024 585 3078 neerei
601 3023 705 3076 minus.
742 3019 836 3089 quadr.
855 3023 884 3072 et
902 3017 976 3070 schc-

128 3115 304 3170 daevncurm
317 3127 419 3168 umus.
446 3112 636 3166 Leclnnannus
648 3127 709 3163 cum
719 3107 836 3176 oblongo
846 3123 975 3160 caenum.

179 3207 230 3256 434
248 3207 276 3256 ct
295 3207 345 3257 435
369 3198 585 3269 transponendus
608 3214 667 3251 esse
690 3199 755 3250 ante
773 3193 976 3248 Lachmannum
