<?xml version="1.0" encoding="UTF-8"?>
<!DOCTYPE html PUBLIC "-//W3C//DTD XHTML 1.0 Transitional//EN"
    "http://www.w3.org/TR/xhtml1/DTD/xhtml1-transitional.dtd">
<html xmlns="http://www.w3.org/1999/xhtml" xml:lang="en" lang="en">
 <head>
  <title>
</title>
<meta http-equiv="Content-Type" content="text/html;charset=utf-8" />
  <meta name='ocr-system' content='tesseract 3.04.00' />
  <meta name='ocr-capabilities' content='ocr_page ocr_carea ocr_par ocr_line ocrx_word'/>
</head>
<body>
  <div class='ocr_page' id='page_1' title='image "./tlucreticarider11carugoog_0048.png"; bbox 0 0 2244 3532; ppageno 0'>
   <div class='ocr_carea' id='block_1_1' title="bbox 127 134 564 195">
    <p class='ocr_par' dir='ltr' id='par_1_1' title="bbox 127 134 564 195">
     <span class='ocr_line' id='line_1_1' title="bbox 127 134 564 195; baseline -0.007 0"><span class='ocrx_word' id='word_1_1' title='bbox 127 141 145 195; x_wconf 80' lang='lat'>1</span> <span class='ocrx_word' id='word_1_2' title='bbox 548 134 564 192; x_wconf 92' lang='grc' dir='ltr'>Ι</span> 
     </span>
    </p>
   </div>
   <div class='ocr_carea' id='block_1_2' title="bbox 1 237 982 3266">
    <p class='ocr_par' dir='ltr' id='par_1_2' title="bbox 1 237 982 3266">
     <span class='ocr_line' id='line_1_2' title="bbox 125 237 833 307; baseline -0.006 -11"><span class='ocrx_word' id='word_1_3' title='bbox 125 257 315 296; x_wconf 74' lang='lat' dir='ltr'><strong>aerumnarum</strong></span> <span class='ocrx_word' id='word_1_4' title='bbox 333 239 464 307; x_wconf 88' lang='lat' dir='ltr'><strong>homines,</strong></span> <span class='ocrx_word' id='word_1_5' title='bbox 481 239 571 307; x_wconf 90' lang='lat' dir='ltr'><strong>aliqua</strong></span> <span class='ocrx_word' id='word_1_6' title='bbox 588 238 692 292; x_wconf 88' lang='lat' dir='ltr'><strong>ratione</strong></span> <span class='ocrx_word' id='word_1_7' title='bbox 710 237 833 292; x_wconf 83' lang='lat' dir='ltr'><strong>valerent</strong></span> 
     </span>
     <span class='ocr_line' id='line_1_3' title="bbox 114 311 767 389; baseline -0.008 -17"><span class='ocrx_word' id='word_1_8' title='bbox 114 311 301 385; x_wconf 81' lang='lat' dir='ltr'><strong>&#39;religionibus</strong></span> <span class='ocrx_word' id='word_1_9' title='bbox 318 319 405 384; x_wconf 79' lang='lat' dir='ltr'><strong>atque.</strong></span> <span class='ocrx_word' id='word_1_10' title='bbox 419 316 499 369; x_wconf 87' lang='lat' dir='ltr'><strong>minis</strong></span> <span class='ocrx_word' id='word_1_11' title='bbox 516 315 649 389; x_wconf 74' lang='lat' dir='ltr'><strong>obsistere</strong></span> <span class='ocrx_word' id='word_1_12' title='bbox 667 318 767 368; x_wconf 87' lang='lat' dir='ltr'><strong>vatum.</strong></span> 
     </span>
     <span class='ocr_line' id='line_1_4' title="bbox 125 389 982 458; baseline -0.007 -11"><span class='ocrx_word' id='word_1_13' title='bbox 125 411 196 447; x_wconf 92' lang='lat' dir='ltr'><strong>nunc</strong></span> <span class='ocrx_word' id='word_1_14' title='bbox 213 394 283 447; x_wconf 88' lang='lat' dir='ltr'><strong>ratio</strong></span> <span class='ocrx_word' id='word_1_15' title='bbox 301 392 377 446; x_wconf 88' lang='lat' dir='ltr'><strong>nulla</strong></span> <span class='ocrx_word' id='word_1_16' title='bbox 393 396 438 446; x_wconf 87' lang='lat' dir='ltr'><strong>est</strong></span> <span class='ocrx_word' id='word_1_17' title='bbox 454 391 586 458; x_wconf 86' lang='lat' dir='ltr'><strong>restandi,</strong></span> <span class='ocrx_word' id='word_1_18' title='bbox 603 391 679 444; x_wconf 87' lang='lat' dir='ltr'><strong>nulla</strong></span> <span class='ocrx_word' id='word_1_19' title='bbox 696 389 819 456; x_wconf 78' lang='lat' dir='ltr'>facultas,</span> <span class='ocrx_word' id='word_1_20' title='bbox 946 403 982 442; x_wconf 86' lang='lat'><strong>111</strong></span> 
     </span>
     <span class='ocr_line' id='line_1_5' title="bbox 126 465 875 538; baseline -0.008 -14"><span class='ocrx_word' id='word_1_21' title='bbox 126 473 252 524; x_wconf 86' lang='lat' dir='ltr'><strong>aeternas</strong></span> <span class='ocrx_word' id='word_1_22' title='bbox 271 469 399 538; x_wconf 88' lang='lat' dir='ltr'><strong>quoniam</strong></span> <span class='ocrx_word' id='word_1_23' title='bbox 417 485 520 538; x_wconf 87' lang='lat' dir='ltr'><strong>poenas</strong></span> <span class='ocrx_word' id='word_1_24' title='bbox 537 468 565 520; x_wconf 91' lang='lat' dir='ltr'><strong>in</strong></span> <span class='ocrx_word' id='word_1_25' title='bbox 583 469 672 520; x_wconf 89' lang='lat' dir='ltr'><strong>morte</strong></span> <span class='ocrx_word' id='word_1_26' title='bbox 690 465 875 520; x_wconf 79' lang='lat' dir='ltr'><strong>timendumat.</strong></span> 
     </span>
     <span class='ocr_line' id='line_1_6' title="bbox 126 543 744 613; baseline -0.007 -15"><span class='ocrx_word' id='word_1_27' title='bbox 126 545 270 613; x_wconf 85' lang='lat' dir='ltr'><strong>ignoratur</strong></span> <span class='ocrx_word' id='word_1_28' title='bbox 288 545 361 599; x_wconf 90' lang='lat' dir='ltr'><strong>enim</strong></span> <span class='ocrx_word' id='word_1_29' title='bbox 379 561 450 613; x_wconf 88' lang='lat' dir='ltr'><strong>quae</strong></span> <span class='ocrx_word' id='word_1_30' title='bbox 468 544 504 598; x_wconf 88' lang='lat' dir='ltr'><strong>sit</strong></span> <span class='ocrx_word' id='word_1_31' title='bbox 521 546 620 596; x_wconf 85' lang='lat' dir='ltr'><strong>natura</strong></span> <span class='ocrx_word' id='word_1_32' title='bbox 637 543 744 608; x_wconf 82' lang='lat' dir='ltr'><strong>animai,</strong></span> 
     </span>
     <span class='ocr_line' id='line_1_7' title="bbox 126 618 780 684; baseline -0.005 -10"><span class='ocrx_word' id='word_1_33' title='bbox 126 626 192 675; x_wconf 86' lang='lat' dir='ltr'><strong>nata</strong></span> <span class='ocrx_word' id='word_1_34' title='bbox 209 621 246 676; x_wconf 85' lang='lat' dir='ltr'><strong>sit</strong></span> <span class='ocrx_word' id='word_1_35' title='bbox 263 638 298 674; x_wconf 88' lang='lat' dir='ltr'><strong>an</strong></span> <span class='ocrx_word' id='word_1_36' title='bbox 316 624 412 675; x_wconf 87' lang='lat' dir='ltr'><strong>contra</strong></span> <span class='ocrx_word' id='word_1_37' title='bbox 428 619 603 674; x_wconf 87' lang='lat' dir='ltr'><strong>nascentibus</strong></span> <span class='ocrx_word' id='word_1_38' title='bbox 620 618 780 684; x_wconf 87' lang='lat' dir='ltr'><strong>insinuetur,</strong></span> 
     </span>
     <span class='ocr_line' id='line_1_8' title="bbox 125 693 810 764; baseline -0.009 -13"><span class='ocrx_word' id='word_1_39' title='bbox 125 702 155 752; x_wconf 88' lang='lat' dir='ltr'><strong>et</strong></span> <span class='ocrx_word' id='word_1_40' title='bbox 173 697 253 751; x_wconf 86' lang='lat' dir='ltr'><strong>simul</strong></span> <span class='ocrx_word' id='word_1_41' title='bbox 270 698 390 751; x_wconf 88' lang='lat' dir='ltr'><strong>intereat</strong></span> <span class='ocrx_word' id='word_1_42' title='bbox 407 696 548 750; x_wconf 88' lang='lat' dir='ltr'><strong>nobiscum</strong></span> <span class='ocrx_word' id='word_1_43' title='bbox 565 698 667 764; x_wconf 84' lang='lat' dir='ltr'><strong>morte</strong></span> <span class='ocrx_word' id='word_1_44' title='bbox 673 693 810 763; x_wconf 84' lang='lat' dir='ltr'><strong>dirempta</strong></span> 
     </span>
     <span class='ocr_line' id='line_1_9' title="bbox 124 769 979 838; baseline -0.004 -12"><span class='ocrx_word' id='word_1_45' title='bbox 124 789 159 826; x_wconf 89' lang='lat' dir='ltr'><strong>au</strong></span> <span class='ocrx_word' id='word_1_46' title='bbox 176 773 305 828; x_wconf 75' lang='lat' dir='ltr'>tenebras</span> <span class='ocrx_word' id='word_1_47' title='bbox 324 772 388 826; x_wconf 87' lang='lat' dir='ltr'><strong>Orci</strong></span> <span class='ocrx_word' id='word_1_48' title='bbox 407 773 478 826; x_wconf 81' lang='lat' dir='ltr'><strong>visat</strong></span> <span class='ocrx_word' id='word_1_49' title='bbox 496 775 644 838; x_wconf 87' lang='lat' dir='ltr'><strong>vastasque</strong></span> <span class='ocrx_word' id='word_1_50' title='bbox 662 769 771 823; x_wconf 85' lang='lat' dir='ltr'><strong>lacunas</strong></span> <span class='ocrx_word' id='word_1_51' title='bbox 943 784 979 824; x_wconf 90' lang='lat'><strong>115</strong></span> 
     </span>
     <span class='ocr_line' id='line_1_10' title="bbox 67 846 724 912; baseline -0.008 -9"><span class='ocrx_word' id='word_1_52' title='bbox 67 885 75 903; x_wconf 78' lang='grc'><em>.</em></span> <span class='ocrx_word' id='word_1_53' title='bbox 126 865 161 902; x_wconf 89' lang='lat' dir='ltr'><strong>an</strong></span> <span class='ocrx_word' id='word_1_54' title='bbox 199 849 298 902; x_wconf 90' lang='lat' dir='ltr'><strong>ecudes</strong></span> <span class='ocrx_word' id='word_1_55' title='bbox 315 849 382 902; x_wconf 87' lang='lat' dir='ltr'><strong>alias</strong></span> <span class='ocrx_word' id='word_1_56' title='bbox 400 848 498 901; x_wconf 80' lang='lat' dir='ltr'><strong>divinit</strong></span> <span class='ocrx_word' id='word_1_57' title='bbox 486 851 531 901; x_wconf 94' lang='lat' dir='ltr'><strong>tus</strong></span> <span class='ocrx_word' id='word_1_58' title='bbox 548 846 668 900; x_wconf 77' lang='lat' dir='ltr'><strong>insinuet</strong></span> <span class='ocrx_word' id='word_1_59' title='bbox 687 862 724 912; x_wconf 87' lang='lat' dir='ltr'><strong>se,</strong></span> 
     </span>
     <span class='ocr_line' id='line_1_11' title="bbox 1 866 827 1012; baseline -0.01 -30"><span class='ocrx_word' id='word_1_60' title='bbox 1 963 2 1012; x_wconf 38' lang='grc' dir='ltr'>ι</span> <span class='ocrx_word' id='word_1_61' title='bbox 28 971 31 979; x_wconf 84' lang='grc'><strong>.</strong></span> <span class='ocrx_word' id='word_1_62' title='bbox 74 907 87 938; x_wconf 50' lang='lat'>³</span> <span class='ocrx_word' id='word_1_63' title='bbox 127 866 230 978; x_wconf 46' lang='lat' dir='ltr'><strong>lidus</strong></span> <span class='ocrx_word' id='word_1_64' title='bbox 249 929 279 978; x_wconf 90' lang='lat' dir='ltr'><strong>ut</strong></span> <span class='ocrx_word' id='word_1_65' title='bbox 297 927 391 998; x_wconf 82' lang='lat' dir='ltr'><strong>poster</strong></span> <span class='ocrx_word' id='word_1_66' title='bbox 409 923 507 978; x_wconf 80' lang='lat' dir='ltr'><strong>cecinit</strong></span> <span class='ocrx_word' id='word_1_67' title='bbox 525 923 572 1010; x_wconf 86' lang='lat' dir='ltr'><strong>qui</strong></span> <span class='ocrx_word' id='word_1_68' title='bbox 590 924 695 990; x_wconf 89' lang='lat' dir='ltr'><strong>primus</strong></span> <span class='ocrx_word' id='word_1_69' title='bbox 712 938 827 975; x_wconf 85' lang='lat' dir='ltr'><strong>amoeno</strong></span> 
     </span>
     <span class='ocr_line' id='line_1_12' title="bbox 1 985 833 1068; baseline -0.003 -15.853"><span class='ocrx_word' id='word_1_70' title='bbox 1 999 109 1062; x_wconf 50' lang='grc' dir='ltr'><strong>ᾖ</strong></span> <span class='ocrx_word' id='word_1_71' title='bbox 103 1000 227 1054; x_wconf 87' lang='lat' dir='ltr'><strong>detulit</strong></span> <span class='ocrx_word' id='word_1_72' title='bbox 215 1004 280 1054; x_wconf 85' lang='lat' dir='ltr'><strong>tex</strong></span> <span class='ocrx_word' id='word_1_73' title='bbox 300 985 433 1053; x_wconf 73' lang='lat' dir='ltr'><strong>Helieone</strong></span> <span class='ocrx_word' id='word_1_74' title='bbox 450 999 564 1068; x_wconf 89' lang='lat' dir='ltr'><strong>perenni</strong></span> <span class='ocrx_word' id='word_1_75' title='bbox 584 998 680 1051; x_wconf 87' lang='lat' dir='ltr'><strong>fronde</strong></span> <span class='ocrx_word' id='word_1_76' title='bbox 697 1014 833 1063; x_wconf 86' lang='lat' dir='ltr'><strong>coronam,</strong></span> 
     </span>
     <span class='ocr_line' id='line_1_13' title="bbox 125 1037 934 1206; baseline -0.005 -76"><span class='ocrx_word' id='word_1_77' title='bbox 125 1076 284 1144; x_wconf 86' lang='lat' dir='ltr'><strong>pergentis</strong></span> <span class='ocrx_word' id='word_1_78' title='bbox 303 1075 389 1128; x_wconf 80' lang='lat' dir='ltr'><strong>Iteias</strong></span> <span class='ocrx_word' id='word_1_79' title='bbox 406 1075 567 1128; x_wconf 90' lang='lat' dir='ltr'><strong>hominum</strong></span> <span class='ocrx_word' id='word_1_80' title='bbox 566 1091 636 1143; x_wconf 84' lang='lat' dir='ltr'><strong>quae</strong></span> <span class='ocrx_word' id='word_1_81' title='bbox 654 1073 728 1128; x_wconf 85' lang='lat' dir='ltr'><strong>clara</strong></span> <span class='ocrx_word' id='word_1_82' title='bbox 745 1073 806 1127; x_wconf 88' lang='lat' dir='ltr'><strong>elue</strong></span> <span class='ocrx_word' id='word_1_83' title='bbox 781 1037 934 1206; x_wconf 37' lang='lat' dir='ltr'><strong>dewy(</strong></span> 
     </span>
     <span class='ocr_line' id='line_1_14' title="bbox 125 1075 977 1220; baseline -0.004 -15"><span class='ocrx_word' id='word_1_84' title='bbox 125 1152 178 1205; x_wconf 87' lang='lat' dir='ltr'><strong>etsi</strong></span> <span class='ocrx_word' id='word_1_85' title='bbox 195 1154 341 1220; x_wconf 88' lang='lat' dir='ltr'><strong>praeterea</strong></span> <span class='ocrx_word' id='word_1_86' title='bbox 358 1154 450 1203; x_wconf 88' lang='lat' dir='ltr'><strong>tamen</strong></span> <span class='ocrx_word' id='word_1_87' title='bbox 469 1166 529 1203; x_wconf 86' lang='lat' dir='ltr'><strong>esse</strong></span> <span class='ocrx_word' id='word_1_88' title='bbox 549 1141 706 1203; x_wconf 70' lang='lat' dir='ltr'><strong>Acherusia</strong></span> <span class='ocrx_word' id='word_1_89' title='bbox 718 1075 855 1218; x_wconf 86' lang='lat' dir='ltr'><strong>tempa</strong></span> <span class='ocrx_word' id='word_1_90' title='bbox 942 1163 977 1202; x_wconf 80' lang='lat' dir='ltr'><strong>mo</strong></span> 
     </span>
     <span class='ocr_line' id='line_1_15' title="bbox 127 1226 754 1294; baseline -0.002 -14"><span class='ocrx_word' id='word_1_91' title='bbox 127 1228 230 1281; x_wconf 76' lang='lat' dir='ltr'><strong>Ennius</strong></span> <span class='ocrx_word' id='word_1_92' title='bbox 248 1227 370 1280; x_wconf 87' lang='lat' dir='ltr'><strong>aeternis</strong></span> <span class='ocrx_word' id='word_1_93' title='bbox 388 1227 500 1294; x_wconf 85' lang='lat' dir='ltr'><strong>exponit</strong></span> <span class='ocrx_word' id='word_1_94' title='bbox 518 1226 642 1280; x_wconf 82' lang='lat' dir='ltr'><strong>versibus</strong></span> <span class='ocrx_word' id='word_1_95' title='bbox 661 1226 754 1293; x_wconf 87' lang='lat' dir='ltr'><strong>edens,</strong></span> 
     </span>
     <span class='ocr_line' id='line_1_16' title="bbox 95 1287 967 1389; baseline -0.003 -32.986"><span class='ocrx_word' id='word_1_96' title='bbox 95 1287 192 1370; x_wconf 53' lang='lat' dir='ltr'><strong>‘ilde&#39;</strong></span> <span class='ocrx_word' id='word_1_97' title='bbox 198 1300 288 1371; x_wconf 82' lang='lat' dir='ltr'><strong>iieque</strong></span> <span class='ocrx_word' id='word_1_98' title='bbox 301 1303 485 1370; x_wconf 85' lang='lat' dir='ltr'><strong>permaneant</strong></span> <span class='ocrx_word' id='word_1_99' title='bbox 502 1302 608 1355; x_wconf 88' lang='lat' dir='ltr'><strong>animae</strong></span> <span class='ocrx_word' id='word_1_100' title='bbox 610 1319 716 1380; x_wconf 88' lang='lat' dir='ltr'><strong>neque</strong></span> <span class='ocrx_word' id='word_1_101' title='bbox 734 1317 850 1389; x_wconf 81' lang='lat' dir='ltr'><strong>corpora</strong></span> <span class='ocrx_word' id='word_1_102' title='bbox 866 1304 967 1367; x_wconf 84' lang='lat' dir='ltr'><strong>nostra,</strong></span> 
     </span>
     <span class='ocr_line' id='line_1_17' title="bbox 126 1356 854 1447; baseline -0.001 -17"><span class='ocrx_word' id='word_1_103' title='bbox 126 1379 175 1432; x_wconf 89' lang='lat' dir='ltr'><strong>sed</strong></span> <span class='ocrx_word' id='word_1_104' title='bbox 193 1378 327 1447; x_wconf 86' lang='lat' dir='ltr'><strong>quaedam</strong></span> <span class='ocrx_word' id='word_1_105' title='bbox 347 1378 490 1431; x_wconf 87' lang='lat' dir='ltr'><strong>simulacra</strong></span> <span class='ocrx_word' id='word_1_106' title='bbox 507 1378 597 1431; x_wconf 87' lang='lat' dir='ltr'><strong>modis</strong></span> <span class='ocrx_word' id='word_1_107' title='bbox 610 1356 745 1446; x_wconf 84' lang='lat' dir='ltr'><strong>pallentia</strong></span> <span class='ocrx_word' id='word_1_108' title='bbox 762 1377 854 1441; x_wconf 88' lang='lat' dir='ltr'><strong>miris;</strong></span> 
     </span>
     <span class='ocr_line' id='line_1_18' title="bbox 124 1453 812 1522; baseline -0.004 -15"><span class='ocrx_word' id='word_1_109' title='bbox 124 1455 199 1508; x_wconf 88' lang='lat' dir='ltr'><strong>unde</strong></span> <span class='ocrx_word' id='word_1_110' title='bbox 217 1454 268 1507; x_wconf 90' lang='lat' dir='ltr'><strong>sibi</strong></span> <span class='ocrx_word' id='word_1_111' title='bbox 287 1457 366 1507; x_wconf 82' lang='lat' dir='ltr'><strong>exort</strong></span> <span class='ocrx_word' id='word_1_112' title='bbox 367 1471 410 1507; x_wconf 87' lang='lat' dir='ltr'><strong>am</strong></span> <span class='ocrx_word' id='word_1_113' title='bbox 430 1471 538 1522; x_wconf 85' lang='lat' dir='ltr'><strong>semper</strong></span> <span class='ocrx_word' id='word_1_114' title='bbox 554 1453 678 1506; x_wconf 88' lang='lat' dir='ltr'><strong>florentis</strong></span> <span class='ocrx_word' id='word_1_115' title='bbox 697 1453 812 1507; x_wconf 86' lang='lat' dir='ltr'><strong>Homeri</strong></span> 
     </span>
     <span class='ocr_line' id='line_1_19' title="bbox 124 1528 975 1598; baseline -0.004 -15"><span class='ocrx_word' id='word_1_116' title='bbox 124 1531 319 1584; x_wconf 86' lang='lat' dir='ltr'><strong>commemorat</strong></span> <span class='ocrx_word' id='word_1_117' title='bbox 337 1530 454 1598; x_wconf 87' lang='lat' dir='ltr'><strong>speciem</strong></span> <span class='ocrx_word' id='word_1_118' title='bbox 473 1530 598 1582; x_wconf 87' lang='lat' dir='ltr'><strong>lacrimas</strong></span> <span class='ocrx_word' id='word_1_119' title='bbox 616 1528 757 1582; x_wconf 87' lang='lat' dir='ltr'><strong>effundere</strong></span> <span class='ocrx_word' id='word_1_120' title='bbox 775 1529 859 1581; x_wconf 88' lang='lat' dir='ltr'><strong>salsas</strong></span> <span class='ocrx_word' id='word_1_121' title='bbox 940 1542 975 1580; x_wconf 85' lang='lat'><strong>125</strong></span> 
     </span>
     <span class='ocr_line' id='line_1_20' title="bbox 124 1603 829 1678; baseline -0.003 -19"><span class='ocrx_word' id='word_1_122' title='bbox 124 1607 245 1678; x_wconf 86' lang='lat' dir='ltr'><strong>coepisse</strong></span> <span class='ocrx_word' id='word_1_123' title='bbox 263 1609 292 1658; x_wconf 90' lang='lat' dir='ltr'><strong>et</strong></span> <span class='ocrx_word' id='word_1_124' title='bbox 310 1622 402 1659; x_wconf 90' lang='lat' dir='ltr'><strong>rerum</strong></span> <span class='ocrx_word' id='word_1_125' title='bbox 421 1609 546 1658; x_wconf 85' lang='lat' dir='ltr'><strong>naturam</strong></span> <span class='ocrx_word' id='word_1_126' title='bbox 565 1603 721 1672; x_wconf 83' lang='lat' dir='ltr'><strong>expandere</strong></span> <span class='ocrx_word' id='word_1_127' title='bbox 740 1603 805 1657; x_wconf 84' lang='lat' dir='ltr'><strong>diet&#39;</strong></span> <span class='ocrx_word' id='word_1_128' title='bbox 785 1607 829 1657; x_wconf 87' lang='lat' dir='ltr'><strong>t.1s</strong></span> 
     </span>
     <span class='ocr_line' id='line_1_21' title="bbox 95 1673 885 1751; baseline -0.004 -15.962"><span class='ocrx_word' id='word_1_129' title='bbox 95 1673 293 1751; x_wconf 55' lang='lat' dir='ltr'><strong>&amp;qudqiropter</strong></span> <span class='ocrx_word' id='word_1_130' title='bbox 311 1681 381 1736; x_wconf 89' lang='lat' dir='ltr'><strong>bene</strong></span> <span class='ocrx_word' id='word_1_131' title='bbox 400 1697 460 1734; x_wconf 91' lang='lat' dir='ltr'><strong>eum</strong></span> <span class='ocrx_word' id='word_1_132' title='bbox 480 1681 585 1748; x_wconf 85' lang='lat' dir='ltr'><strong>superis</strong></span> <span class='ocrx_word' id='word_1_133' title='bbox 604 1679 639 1732; x_wconf 89' lang='lat' dir='ltr'><strong>de</strong></span> <span class='ocrx_word' id='word_1_134' title='bbox 658 1679 740 1732; x_wconf 88' lang='lat' dir='ltr'><strong>rebus</strong></span> <span class='ocrx_word' id='word_1_135' title='bbox 757 1679 885 1734; x_wconf 87' lang='lat' dir='ltr'><strong>habenda</strong></span> 
     </span>
     <span class='ocr_line' id='line_1_22' title="bbox 124 1756 770 1844; baseline -0.003 -34"><span class='ocrx_word' id='word_1_136' title='bbox 124 1758 262 1812; x_wconf 89' lang='lat' dir='ltr'><strong>nobist</strong></span> <span class='ocrx_word' id='word_1_137' title='bbox 220 1761 262 1812; x_wconf 91' lang='lat' dir='ltr'><strong>est</strong></span> <span class='ocrx_word' id='word_1_138' title='bbox 282 1760 326 1810; x_wconf 83' lang='lat' dir='ltr'><strong>rut</strong></span> <span class='ocrx_word' id='word_1_139' title='bbox 327 1758 361 1825; x_wconf 89' lang='lat' dir='ltr'><strong>io,</strong></span> <span class='ocrx_word' id='word_1_140' title='bbox 314 1757 442 1810; x_wconf 85' lang='lat' dir='ltr'><strong>tsolis</strong></span> <span class='ocrx_word' id='word_1_141' title='bbox 460 1756 596 1844; x_wconf 81' lang='lat' dir='ltr'><strong>lunaeque</strong></span> <span class='ocrx_word' id='word_1_142' title='bbox 614 1759 770 1808; x_wconf 86' lang='lat' dir='ltr'><strong>meatus</strong></span> 
     </span>
     <span class='ocr_line' id='line_1_23' title="bbox 125 1833 854 1921; baseline 0 -35"><span class='ocrx_word' id='word_1_143' title='bbox 125 1851 179 1921; x_wconf 80' lang='lat' dir='ltr'><strong>qua</strong></span> <span class='ocrx_word' id='word_1_144' title='bbox 196 1833 325 1886; x_wconf 87' lang='lat' dir='ltr'><strong>fiantt</strong></span> <span class='ocrx_word' id='word_1_145' title='bbox 281 1836 325 1886; x_wconf 89' lang='lat' dir='ltr'><strong>rat</strong></span> <span class='ocrx_word' id='word_1_146' title='bbox 326 1833 429 1897; x_wconf 68' lang='lat' dir='ltr'><strong>ionae</strong></span> <span class='ocrx_word' id='word_1_147' title='bbox 414 1836 443 1886; x_wconf 90' lang='lat' dir='ltr'><strong>et</strong></span> <span class='ocrx_word' id='word_1_148' title='bbox 462 1849 516 1920; x_wconf 80' lang='lat' dir='ltr'><strong>qua</strong></span> <span class='ocrx_word' id='word_1_149' title='bbox 534 1833 560 1884; x_wconf 88' lang='lat' dir='ltr'><strong>vi</strong></span> <span class='ocrx_word' id='word_1_150' title='bbox 579 1848 705 1900; x_wconf 86' lang='lat' dir='ltr'><strong>quaeque</strong></span> <span class='ocrx_word' id='word_1_151' title='bbox 723 1835 854 1900; x_wconf 80' lang='lat' dir='ltr'><strong>gerantur</strong></span> 
     </span>
     <span class='ocr_line' id='line_1_24' title="bbox 124 1907 975 1976; baseline 0 -14"><span class='ocrx_word' id='word_1_152' title='bbox 124 1910 152 1962; x_wconf 92' lang='lat' dir='ltr'><strong>iu</strong></span> <span class='ocrx_word' id='word_1_153' title='bbox 171 1908 260 1976; x_wconf 87' lang='lat' dir='ltr'><strong>terris,</strong></span> <span class='ocrx_word' id='word_1_154' title='bbox 279 1912 338 1962; x_wconf 90' lang='lat' dir='ltr'><strong>tum</strong></span> <span class='ocrx_word' id='word_1_155' title='bbox 356 1925 417 1962; x_wconf 92' lang='lat' dir='ltr'><strong>eum</strong></span> <span class='ocrx_word' id='word_1_156' title='bbox 436 1909 532 1976; x_wconf 89' lang='lat' dir='ltr'><strong>primis</strong></span> <span class='ocrx_word' id='word_1_157' title='bbox 551 1908 657 1961; x_wconf 84' lang='lat' dir='ltr'><strong>ratione</strong></span> <span class='ocrx_word' id='word_1_158' title='bbox 675 1907 765 1976; x_wconf 84' lang='lat' dir='ltr'><strong>sagaci</strong></span> <span class='ocrx_word' id='word_1_159' title='bbox 939 1922 975 1962; x_wconf 72' lang='lat'><strong>1³0</strong></span> 
     </span>
     <span class='ocr_line' id='line_1_25' title="bbox 125 1983 929 2053; baseline -0.001 -15"><span class='ocrx_word' id='word_1_160' title='bbox 125 1984 200 2038; x_wconf 89' lang='lat' dir='ltr'><strong>undo</strong></span> <span class='ocrx_word' id='word_1_161' title='bbox 218 1985 307 2038; x_wconf 85' lang='lat' dir='ltr'><strong>anima</strong></span> <span class='ocrx_word' id='word_1_162' title='bbox 325 1988 409 2053; x_wconf 86' lang='lat' dir='ltr'><strong>atque</strong></span> <span class='ocrx_word' id='word_1_163' title='bbox 427 1985 510 2037; x_wconf 87' lang='lat' dir='ltr'><strong>animi</strong></span> <span class='ocrx_word' id='word_1_164' title='bbox 529 1986 638 2037; x_wconf 89' lang='lat' dir='ltr'><strong>constet</strong></span> <span class='ocrx_word' id='word_1_165' title='bbox 655 1988 754 2037; x_wconf 85' lang='lat' dir='ltr'><strong>natura</strong></span> <span class='ocrx_word' id='word_1_166' title='bbox 772 1983 929 2052; x_wconf 90' lang='lat' dir='ltr'><strong>videndum,</strong></span> 
     </span>
     <span class='ocr_line' id='line_1_26' title="bbox 124 2059 816 2130; baseline -0.003 -16"><span class='ocrx_word' id='word_1_167' title='bbox 124 2065 154 2115; x_wconf 89' lang='lat' dir='ltr'><strong>et</strong></span> <span class='ocrx_word' id='word_1_168' title='bbox 172 2077 306 2130; x_wconf 86' lang='lat' dir='ltr'><strong>quaeres</strong></span> <span class='ocrx_word' id='word_1_169' title='bbox 324 2059 402 2114; x_wconf 90' lang='lat' dir='ltr'><strong>nobis</strong></span> <span class='ocrx_word' id='word_1_170' title='bbox 420 2059 594 2128; x_wconf 86' lang='lat' dir='ltr'><strong>vigilantibus</strong></span> <span class='ocrx_word' id='word_1_171' title='bbox 612 2059 690 2113; x_wconf 86' lang='lat' dir='ltr'><strong>obvia</strong></span> <span class='ocrx_word' id='word_1_172' title='bbox 708 2063 816 2113; x_wconf 87' lang='lat' dir='ltr'><strong>mentes</strong></span> 
     </span>
     <span class='ocr_line' id='line_1_27' title="bbox 124 2135 814 2204; baseline -0.003 -14"><span class='ocrx_word' id='word_1_173' title='bbox 124 2135 372 2191; x_wconf 76' lang='lat' dir='ltr'><strong>terrificet-morbo</strong></span> <span class='ocrx_word' id='word_1_174' title='bbox 390 2137 506 2190; x_wconf 73' lang='lat' dir='ltr'><strong>adsentio</strong></span> <span class='ocrx_word' id='word_1_175' title='bbox 525 2149 674 2203; x_wconf 84' lang='lat' dir='ltr'><strong>somnoque</strong></span> <span class='ocrx_word' id='word_1_176' title='bbox 692 2135 814 2204; x_wconf 83' lang='lat' dir='ltr'><strong>sepultis,</strong></span> 
     </span>
     <span class='ocr_line' id='line_1_28' title="bbox 124 2211 807 2279; baseline -0.006 -13"><span class='ocrx_word' id='word_1_177' title='bbox 124 2229 238 2267; x_wconf 86' lang='lat' dir='ltr'><strong>cernere</strong></span> <span class='ocrx_word' id='word_1_178' title='bbox 256 2212 298 2266; x_wconf 90' lang='lat' dir='ltr'><strong>uti</strong></span> <span class='ocrx_word' id='word_1_179' title='bbox 315 2212 458 2266; x_wconf 88' lang='lat' dir='ltr'><strong>videamur</strong></span> <span class='ocrx_word' id='word_1_180' title='bbox 475 2227 522 2264; x_wconf 92' lang='lat' dir='ltr'><strong>eos</strong></span> <span class='ocrx_word' id='word_1_181' title='bbox 539 2211 691 2279; x_wconf 80' lang='lat' dir='ltr'><strong>audireque</strong></span> <span class='ocrx_word' id='word_1_182' title='bbox 709 2226 807 2276; x_wconf 86' lang='lat' dir='ltr'><strong>eoram,</strong></span> 
     </span>
     <span class='ocr_line' id='line_1_29' title="bbox 124 2286 974 2376; baseline -0.005 -33"><span class='ocrx_word' id='word_1_183' title='bbox 124 2293 213 2343; x_wconf 85' lang='lat' dir='ltr'><strong>morte</strong></span> <span class='ocrx_word' id='word_1_184' title='bbox 231 2287 306 2342; x_wconf 86' lang='lat' dir='ltr'><strong>obita</strong></span> <span class='ocrx_word' id='word_1_185' title='bbox 323 2304 439 2376; x_wconf 82' lang='lat' dir='ltr'><strong>quorum</strong></span> <span class='ocrx_word' id='word_1_186' title='bbox 457 2286 538 2340; x_wconf 89' lang='lat' dir='ltr'><strong>tellus</strong></span> <span class='ocrx_word' id='word_1_187' title='bbox 556 2287 732 2366; x_wconf 72' lang='lat' dir='ltr'><strong>ampieqnitur</strong></span> <span class='ocrx_word' id='word_1_188' title='bbox 749 2303 816 2340; x_wconf 83' lang='lat' dir='ltr'><strong>essa</strong></span> <span class='ocrx_word' id='word_1_189' title='bbox 938 2301 974 2340; x_wconf 79' lang='lat'><strong>135</strong></span> 
     </span>
     <span class='ocr_line' id='line_1_30' title="bbox 160 2349 893 2430; baseline -0.005 -12"><span class='ocrx_word' id='word_1_190' title='bbox 160 2365 218 2419; x_wconf 89' lang='lat' dir='ltr'><strong>Nee</strong></span> <span class='ocrx_word' id='word_1_191' title='bbox 236 2381 281 2418; x_wconf 90' lang='lat' dir='ltr'><strong>me</strong></span> <span class='ocrx_word' id='word_1_192' title='bbox 298 2364 380 2417; x_wconf 86' lang='lat' dir='ltr'><strong>animi</strong></span> <span class='ocrx_word' id='word_1_193' title='bbox 396 2349 469 2417; x_wconf 70' lang='lat' dir='ltr'><strong>fallit</strong></span> <span class='ocrx_word' id='word_1_194' title='bbox 487 2363 631 2417; x_wconf 87' lang='lat' dir='ltr'><strong>Graiorum</strong></span> <span class='ocrx_word' id='word_1_195' title='bbox 650 2362 766 2417; x_wconf 89' lang='lat' dir='ltr'><strong>obscura</strong></span> <span class='ocrx_word' id='word_1_196' title='bbox 783 2365 893 2430; x_wconf 87' lang='lat' dir='ltr'><strong>reperta</strong></span> 
     </span>
     <span class='ocr_line' id='line_1_31' title="bbox 125 2438 749 2506; baseline -0.005 -11"><span class='ocrx_word' id='word_1_197' title='bbox 125 2441 234 2495; x_wconf 87' lang='lat' dir='ltr'><strong>difficile</strong></span> <span class='ocrx_word' id='word_1_198' title='bbox 252 2441 398 2494; x_wconf 86' lang='lat' dir='ltr'><strong>inlustrare</strong></span> <span class='ocrx_word' id='word_1_199' title='bbox 417 2438 522 2494; x_wconf 86' lang='lat' dir='ltr'><strong>Latinis</strong></span> <span class='ocrx_word' id='word_1_200' title='bbox 540 2440 663 2492; x_wconf 85' lang='lat' dir='ltr'><strong>versibus</strong></span> <span class='ocrx_word' id='word_1_201' title='bbox 681 2455 749 2506; x_wconf 89' lang='lat' dir='ltr'><strong>esse,</strong></span> 
     </span>
     <span class='ocr_line' id='line_1_32' title="bbox 125 2514 886 2583; baseline -0.007 -11"><span class='ocrx_word' id='word_1_202' title='bbox 125 2519 212 2572; x_wconf 86' lang='lat' dir='ltr'><strong>multa</strong></span> <span class='ocrx_word' id='word_1_203' title='bbox 229 2517 306 2572; x_wconf 87' lang='lat' dir='ltr'><strong>novis</strong></span> <span class='ocrx_word' id='word_1_204' title='bbox 324 2515 415 2570; x_wconf 82' lang='lat' dir='ltr'><strong>verbis</strong></span> <span class='ocrx_word' id='word_1_205' title='bbox 434 2516 596 2583; x_wconf 85' lang='lat' dir='ltr'><strong>praesertim</strong></span> <span class='ocrx_word' id='word_1_206' title='bbox 614 2531 676 2568; x_wconf 91' lang='lat' dir='ltr'><strong>eum</strong></span> <span class='ocrx_word' id='word_1_207' title='bbox 694 2515 731 2568; x_wconf 88' lang='lat' dir='ltr'><strong>sit</strong></span> <span class='ocrx_word' id='word_1_208' title='bbox 749 2514 886 2582; x_wconf 84' lang='lat' dir='ltr'><strong>agendum</strong></span> 
     </span>
     <span class='ocr_line' id='line_1_33' title="bbox 124 2591 871 2663; baseline -0.008 -15"><span class='ocrx_word' id='word_1_209' title='bbox 124 2598 236 2663; x_wconf 89' lang='lat' dir='ltr'><strong>propter</strong></span> <span class='ocrx_word' id='word_1_210' title='bbox 254 2595 403 2660; x_wconf 78' lang='lat' dir='ltr'><strong>egestatem</strong></span> <span class='ocrx_word' id='word_1_211' title='bbox 422 2592 530 2658; x_wconf 70' lang='lat' dir='ltr'><strong>linguae</strong></span> <span class='ocrx_word' id='word_1_212' title='bbox 547 2596 578 2644; x_wconf 83' lang='lat' dir='ltr'><strong>&#39;et</strong></span> <span class='ocrx_word' id='word_1_213' title='bbox 596 2608 688 2644; x_wconf 86' lang='lat' dir='ltr'><strong>rerum</strong></span> <span class='ocrx_word' id='word_1_214' title='bbox 706 2591 871 2655; x_wconf 67' lang='lat' dir='ltr'><strong>novitatem</strong></span> 
     </span>
     <span class='ocr_line' id='line_1_34' title="bbox 124 2665 974 2734; baseline -0.008 -11"><span class='ocrx_word' id='word_1_215' title='bbox 124 2670 174 2723; x_wconf 89' lang='lat' dir='ltr'><strong>sed</strong></span> <span class='ocrx_word' id='word_1_216' title='bbox 191 2673 241 2723; x_wconf 88' lang='lat' dir='ltr'><strong>tua</strong></span> <span class='ocrx_word' id='word_1_217' title='bbox 257 2684 302 2721; x_wconf 88' lang='lat' dir='ltr'><strong>me</strong></span> <span class='ocrx_word' id='word_1_218' title='bbox 319 2669 406 2719; x_wconf 87' lang='lat' dir='ltr'><strong>virtus</strong></span> <span class='ocrx_word' id='word_1_219' title='bbox 424 2670 516 2719; x_wconf 87' lang='lat' dir='ltr'><strong>tamen</strong></span> <span class='ocrx_word' id='word_1_220' title='bbox 534 2670 563 2719; x_wconf 89' lang='lat' dir='ltr'><strong>et</strong></span> <span class='ocrx_word' id='word_1_221' title='bbox 581 2667 692 2732; x_wconf 81' lang='lat' dir='ltr'><strong>sperata</strong></span> <span class='ocrx_word' id='word_1_222' title='bbox 709 2665 836 2734; x_wconf 86' lang='lat' dir='ltr'><strong>voluptas</strong></span> <span class='ocrx_word' id='word_1_223' title='bbox 938 2678 974 2717; x_wconf 80' lang='lat'><strong>110</strong></span> 
     </span>
     <span class='ocr_line' id='line_1_35' title="bbox 125 2740 784 2811; baseline -0.006 -13"><span class='ocrx_word' id='word_1_224' title='bbox 125 2745 215 2799; x_wconf 84' lang='lat' dir='ltr'><strong>suavis</strong></span> <span class='ocrx_word' id='word_1_225' title='bbox 233 2743 370 2798; x_wconf 84' lang='lat' dir='ltr'><strong>amicitiae</strong></span> <span class='ocrx_word' id='word_1_226' title='bbox 388 2741 511 2811; x_wconf 85' lang='lat' dir='ltr'><strong>quemvis</strong></span> <span class='ocrx_word' id='word_1_227' title='bbox 531 2741 644 2794; x_wconf 88' lang='lat' dir='ltr'><strong>sufferre</strong></span> <span class='ocrx_word' id='word_1_228' title='bbox 663 2740 784 2794; x_wconf 86' lang='lat' dir='ltr'><strong>laborem</strong></span> 
     </span>
     <span class='ocr_line' id='line_1_36' title="bbox 124 2817 764 2884; baseline -0.008 -9"><span class='ocrx_word' id='word_1_229' title='bbox 124 2821 223 2876; x_wconf 82' lang='lat' dir='ltr'><strong>suadet</strong></span> <span class='ocrx_word' id='word_1_230' title='bbox 240 2823 269 2874; x_wconf 86' lang='lat' dir='ltr'><strong>et</strong></span> <span class='ocrx_word' id='word_1_231' title='bbox 287 2819 393 2873; x_wconf 88' lang='lat' dir='ltr'><strong>inducit</strong></span> <span class='ocrx_word' id='word_1_232' title='bbox 410 2821 504 2871; x_wconf 87' lang='lat' dir='ltr'><strong>noctes</strong></span> <span class='ocrx_word' id='word_1_233' title='bbox 523 2817 636 2884; x_wconf 78' lang='lat' dir='ltr'><strong>vigilare</strong></span> <span class='ocrx_word' id='word_1_234' title='bbox 655 2832 764 2870; x_wconf 83' lang='lat' dir='ltr'><strong>serenas</strong></span> 
     </span>
     <span class='ocr_line' id='line_1_37' title="bbox 126 2892 908 2968; baseline -0.009 -16"><span class='ocrx_word' id='word_1_235' title='bbox 126 2901 303 2966; x_wconf 81' lang='lat' dir='ltr'><strong>quaerentem</strong></span> <span class='ocrx_word' id='word_1_236' title='bbox 322 2895 403 2968; x_wconf 73' lang='lat' dir='ltr'><strong>dietis</strong></span> <span class='ocrx_word' id='word_1_237' title='bbox 422 2894 521 2962; x_wconf 86' lang='lat' dir='ltr'><strong>quibus</strong></span> <span class='ocrx_word' id='word_1_238' title='bbox 539 2897 569 2947; x_wconf 89' lang='lat' dir='ltr'><strong>ct</strong></span> <span class='ocrx_word' id='word_1_239' title='bbox 587 2909 640 2961; x_wconf 92' lang='lat' dir='ltr'><strong>quo</strong></span> <span class='ocrx_word' id='word_1_240' title='bbox 658 2893 777 2947; x_wconf 84' lang='lat' dir='ltr'><strong>carmine</strong></span> <span class='ocrx_word' id='word_1_241' title='bbox 796 2892 908 2948; x_wconf 86' lang='lat' dir='ltr'><strong>demum</strong></span> 
     </span>
     <span class='ocr_line' id='line_1_38' title="bbox 125 2968 836 3041; baseline -0.006 -14"><span class='ocrx_word' id='word_1_242' title='bbox 125 2975 198 3027; x_wconf 84' lang='lat' dir='ltr'><strong>clara</strong></span> <span class='ocrx_word' id='word_1_243' title='bbox 214 2977 280 3027; x_wconf 88' lang='lat' dir='ltr'><strong>tuae</strong></span> <span class='ocrx_word' id='word_1_244' title='bbox 297 2972 398 3041; x_wconf 91' lang='lat' dir='ltr'><strong>possim</strong></span> <span class='ocrx_word' id='word_1_245' title='bbox 416 2969 603 3039; x_wconf 86' lang='lat' dir='ltr'><strong>praepandere</strong></span> <span class='ocrx_word' id='word_1_246' title='bbox 620 2969 725 3023; x_wconf 85' lang='lat' dir='ltr'><strong>lumina</strong></span> <span class='ocrx_word' id='word_1_247' title='bbox 741 2968 836 3036; x_wconf 87' lang='lat' dir='ltr'><strong>menti,</strong></span> 
     </span>
     <span class='ocr_line' id='line_1_39' title="bbox 126 3046 974 3118; baseline -0.006 -15"><span class='ocrx_word' id='word_1_248' title='bbox 126 3067 170 3103; x_wconf 87' lang='lat' dir='ltr'><strong>res</strong></span> <span class='ocrx_word' id='word_1_249' title='bbox 188 3049 287 3118; x_wconf 84' lang='lat' dir='ltr'><strong>quibus</strong></span> <span class='ocrx_word' id='word_1_250' title='bbox 305 3047 424 3102; x_wconf 87' lang='lat' dir='ltr'><strong>occultas</strong></span> <span class='ocrx_word' id='word_1_251' title='bbox 442 3047 552 3115; x_wconf 87' lang='lat' dir='ltr'><strong>penitus</strong></span> <span class='ocrx_word' id='word_1_252' title='bbox 569 3046 708 3100; x_wconf 89' lang='lat' dir='ltr'><strong>convisere</strong></span> <span class='ocrx_word' id='word_1_253' title='bbox 725 3046 819 3116; x_wconf 87' lang='lat' dir='ltr'><strong>possis.</strong></span> <span class='ocrx_word' id='word_1_254' title='bbox 938 3060 974 3098; x_wconf 77' lang='lat'><strong>145</strong></span> 
     </span>
     <span class='ocr_line' id='line_1_40' title="bbox 161 3122 957 3194; baseline -0.008 -14"><span class='ocrx_word' id='word_1_255' title='bbox 161 3127 243 3180; x_wconf 90' lang='lat' dir='ltr'><strong>Hunc</strong></span> <span class='ocrx_word' id='word_1_256' title='bbox 259 3127 346 3194; x_wconf 82' lang='lat' dir='ltr'><strong>igitur</strong></span> <span class='ocrx_word' id='word_1_257' title='bbox 363 3128 497 3178; x_wconf 87' lang='lat' dir='ltr'><strong>terrorem</strong></span> <span class='ocrx_word' id='word_1_258' title='bbox 516 3122 600 3176; x_wconf 87' lang='lat' dir='ltr'><strong>animi</strong></span> <span class='ocrx_word' id='word_1_259' title='bbox 618 3122 802 3192; x_wconf 85' lang='lat' dir='ltr'><strong>tenebrasque</strong></span> <span class='ocrx_word' id='word_1_260' title='bbox 818 3129 957 3176; x_wconf 87' lang='lat' dir='ltr'><strong>necessest</strong></span> 
     </span>
     <span class='ocr_line' id='line_1_41' title="bbox 125 3199 710 3266; baseline -0.009 -10"><span class='ocrx_word' id='word_1_261' title='bbox 125 3219 179 3257; x_wconf 91' lang='lat' dir='ltr'><strong>non</strong></span> <span class='ocrx_word' id='word_1_262' title='bbox 197 3202 267 3256; x_wconf 87' lang='lat' dir='ltr'><strong>radii</strong></span> <span class='ocrx_word' id='word_1_263' title='bbox 285 3202 349 3255; x_wconf 88' lang='lat' dir='ltr'><strong>solis</strong></span> <span class='ocrx_word' id='word_1_264' title='bbox 367 3215 457 3266; x_wconf 84' lang='lat' dir='ltr'><strong>neque</strong></span> <span class='ocrx_word' id='word_1_265' title='bbox 475 3199 565 3252; x_wconf 87' lang='lat' dir='ltr'><strong>lucida</strong></span> <span class='ocrx_word' id='word_1_266' title='bbox 582 3199 638 3252; x_wconf 86' lang='lat' dir='ltr'><strong>tela</strong></span> <span class='ocrx_word' id='word_1_267' title='bbox 656 3199 710 3252; x_wconf 90' lang='lat' dir='ltr'><strong>diei</strong></span> 
     </span>
    </p>
   </div>
   <div class='ocr_carea' id='block_1_3' title="bbox 0 0 1126 3532">
    <p class='ocr_par' dir='ltr' id='par_1_3' title="bbox 0 0 1126 3532">
     <span class='ocr_line' id='line_1_42' title="bbox 0 0 1126 3532; baseline 0 0"><span class='ocrx_word' id='word_1_268' title='bbox 0 0 1126 3532; x_wconf 95' lang='lat' dir='ltr'><strong> </strong></span> 
     </span>
    </p>
   </div>
  </div>
 </body>
</html>
