2252 3530
108 128 145 188 76
506 127 559 184 III

106 226 251 301 possumus
269 231 388 285 infernas
407 231 510 284 aninras
530 232 690 286 Acherunte
708 232 807 299 vagari,

106 309 225 376 pictores
243 306 337 374 itaque
356 310 385 360 et
403 307 568 375 scriptorum
587 308 676 361 saecla
692 308 785 376 priora

107 385 146 439 sic
164 383 268 438 animas
287 384 359 436 intro
378 384 516 437 duxerunt
535 385 658 438 sensibus
676 389 777 438 auctas.
892 451 897 457 .
922 401 960 438 636

107 457 141 515 at
155 477 244 528 neque
264 477 369 514 sorsum
388 461 457 513 oculi
476 477 565 528 neque
583 478 662 514 nares
680 477 730 514 noc
747 479 844 515 manns
863 462 922 530 ipsa

107 553 166 590 esse
184 539 276 604 potest
294 537 401 589 animae
419 553 508 604 neque
528 553 632 589 sorsum
654 537 753 602 lingna,
773 554 861 606 neque
879 555 960 591 aures

106 613 202 666 auditu
220 629 270 680 per
288 628 317 664 sc
336 615 450 680 possunt
468 613 572 664 sentire
589 629 678 680 neque
697 629 763 666 esse.

141 689 177 741 m
196 689 322 756 quoniam
342 692 400 740 toto
419 688 552 740 sentimus
571 704 684 756 corpore
703 689 793 743 inesse

105 764 214 818 vitalem
235 780 343 817 sensum
363 767 392 816 et
410 767 499 817 tetum
518 781 578 818 csse
596 765 711 818 animale
729 766 861 834 videmus,
924 781 960 819 cre

105 841 128 894 si
147 840 237 894 subito
255 840 376 893 medium
395 840 477 893 celeri
496 840 661 908 praeciderit
678 841 734 894 ictn

104 917 145 970 vis
163 917 255 984 aliqua
273 918 305 968 ut
324 932 429 970 sorsum
447 922 554 983 partem
573 921 698 970 secernat
716 922 870 986 utranrqne,

105 992 253 1060 dispertita
271 993 365 1060 procul
378 992 466 1062 dubio
485 1009 593 1060 qnoque
612 994 653 1046 vis
671 995 771 1046 animai

105 1072 134 1120 et
153 1067 265 1120 discissa
284 1069 364 1120 simul
382 1085 443 1120 cnm
462 1084 575 1136 corpore
594 1069 754 1123 dissicietur.

105 1148 134 1196 at
152 1143 227 1211 quod
245 1143 377 1196 scinditur
395 1148 423 1196 ct
441 1145 528 1212 partis
547 1145 664 1199 discedit
682 1146 710 1197 in
728 1147 804 1212 ullas,
923 1109 973 1200 616Ι
993 1164 995 1168 ·

106 1219 210 1273 scilicet
228 1224 368 1272 aeternam
388 1220 439 1272 sibi
458 1223 584 1273 naturam
603 1221 699 1274 abrmit
718 1239 784 1275 esse.

104 1295 238 1348 falciferos
256 1300 409 1348 memorant
427 1311 523 1349 currus
542 1297 684 1351 abscidere
701 1299 826 1351 membra
854 1327 858 1335 ·

105 1388 186 1440 saepe
204 1371 243 1424 ita
261 1370 296 1424 de
315 1371 405 1425 subito
423 1373 561 1440 permixta
579 1374 663 1426 caede
681 1374 802 1439 calentia,

105 1451 137 1502 nt
155 1451 275 1501 tremere
293 1448 322 1500 in
340 1451 415 1500 terra
434 1448 559 1501 videatur
578 1449 613 1501 al)
631 1449 746 1502 artubus
765 1449 793 1501 id
812 1448 885 1518 qnod

104 1523 208 1578 decidit
220 1523 362 1589 abscisum,
375 1541 437 1577 enni
450 1541 527 1577 mens
539 1528 632 1577 tamen
644 1529 728 1592 atque
741 1525 856 1578 hominis
865 1525 907 1578 vis
922 1539 958 1580 ese

104 1599 258 1653 mobilitate
275 1599 340 1652 mali
359 1616 411 1652 non
430 1601 491 1668 quit
509 1601 613 1654 sentire
632 1601 768 1666 delorem3

104 1680 132 1730 et
151 1677 234 1730 semel
254 1675 280 1728 in
300 1692 409 1744 pugnae
427 1676 519 1729 studio
538 1677 611 1744 qnod
630 1678 726 1731 dedita
743 1694 821 1730 mens
838 1681 889 1744 est,

103 1769 216 1821 corpore
235 1752 340 1819 reliqiio
359 1768 477 1820 pugnam
496 1753 649 1822 caedesque
666 1754 789 1822 petessit,

104 1845 154 1882 nee
172 1831 250 1882 tenet
268 1829 394 1880 amissam
413 1829 516 1881 laevam
535 1846 595 1882 eum
614 1831 735 1898 tegmine
753 1847 835 1898 saepe
905 1867 908 1869 -

105 1905 177 1957 inter
196 1921 280 1972 equos
299 1904 427 1957 abstraxe
445 1908 520 1959 rotas
539 1905 675 1974 falcesque
692 1923 812 1974 rapaces,
923 1921 958 1960 666

105 1998 155 2034 666
173 1981 303 2034 cecidisse
321 1980 389 2034 alins
408 1981 542 2048 dextram,
562 1999 623 2036 cnm
643 1983 750 2035 scandit
768 1988 797 2036 et
808 1984 906 2036 insint.

105 2056 169 2110 inde
188 2056 256 2108 alius
274 2060 388 2109 conatur
406 2057 537 2125 adempto
555 2075 667 2126 surgere
685 2075 772 2123 crure,
834 2059 835 2062 ’

105 2149 165 2186 cnm
185 2131 286 2199 digitos
304 2133 391 2200 agitat
410 2138 525 2202 propter
542 2134 721 2188 moribundus
738 2135 813 2205 burni
832 2151 888 2202 pes.

104 2213 133 2264 et
151 2214 234 2278 caput
252 2209 387 2263 abscisum
406 2211 493 2263 calido
512 2212 675 2278 viventeque
692 2214 789 2262 trunco

104 2291 195 2340 servat
212 2285 288 2338 hinni
307 2286 410 2338 voltum
429 2286 539 2340 vitalem
559 2287 705 2355 oculosque
724 2287 853 2354 patentis,
922 2298 957 2340 665

104 2363 191 2416 donec
209 2361 338 2430 reliquias
356 2361 455 2414 animai
474 2362 597 2416 reddidit
615 2379 716 2416 omnes.

104 2439 170 2507 quin
188 2438 271 2490 etiarn
289 2437 338 2491 tibi
359 2438 381 2490 si
401 2438 494 2504 lingna
512 2439 637 2492 vibrante
655 2438 785 2492 minantis

104 2514 240 2582 serpentis
258 2514 372 2566 caudam
394 2531 409 2567 c
427 2531 540 2580 procero
558 2531 671 2582 corpere
690 2532 824 2570 urnunonn

103 2591 139 2644 sit
156 2589 265 2642 libitum
284 2589 310 2642 in
330 2590 430 2642 multas
449 2589 536 2658 partis
554 2589 689 2642 discidere
708 2591 789 2657 ferro,

103 2667 192 2720 onmia
211 2667 263 2719 iam
283 2682 388 2720 sorsum
408 2682 501 2718 cernes
521 2666 613 2718 aiicisa
632 2667 734 2718 recenti

103 2743 213 2796 volnere
232 2743 329 2796 tortari
348 2747 377 2794 et
396 2745 497 2794 terram
516 2758 699 2811 conspargere
718 2742 790 2809 turbo,

103 2821 191 2888 ipsein
210 2836 293 2888 seque
311 2823 386 2872 retro
404 2821 512 2886 partem
530 2821 625 2887 petere
644 2835 691 2870 ore
710 2819 837 2887 priorem,

103 2896 220 2948 volneris
239 2896 348 2948 ardenti
366 2898 398 2948 ut
416 2911 508 2948 morsu
526 2900 632 2962 premat
651 2895 706 2948 icta
725 2895 854 2949 dolorem.

104 2971 228 3024 (sirenibus
247 2988 306 3025 esse
325 2972 410 3039 igitur
428 2974 501 3024 totas
520 2971 642 3024 dicemus
661 2971 760 3024 inillis

103 3047 244 3115 particulis
262 3049 383 3102 animas?
402 3051 431 3101 at
449 3064 482 3100 ea
499 3047 605 3100 ratione
624 3051 755 3114 sequetur
923 3063 958 3101 665

103 3139 185 3174 unam
204 3123 368 3177 animantem
387 3125 491 3178 animas
509 3123 636 3176 habuisse
654 3123 681 3174 in
700 3139 814 3191 corpore
832 3123 938 3178 multas

104 3214 169 3266 ergo
189 3198 303 3252 divisast
321 3217 353 3253 ea
371 3217 442 3268 qnae
460 3200 513 3252 fnit
531 3216 583 3252 una
603 3198 682 3251 simul
701 3215 763 3252 cnm
