2244 3532
428 629 736 699 PRAEFATIO.

527 869 628 889 ——p—

212 1035 286 1102 Qurn
299 1036 327 1091 in
338 1036 389 1091 hoc
397 1037 517 1092 carmine
525 1037 701 1106 perpoliendo
711 1038 899 1093 Lachmannus
908 1039 1007 1094 eximio

159 1121 287 1185 acumine,
312 1119 466 1172 admirabili
490 1119 639 1189 diligentia,
663 1122 876 1190 exquisitissima
899 1123 1007 1191 linguae

158 1195 301 1260 universae
324 1222 444 1274 ususque
469 1206 624 1260 Lucretiani
649 1209 762 1262 scientia
785 1209 913 1277 effecerit,
937 1209 1006 1263 adeo

159 1290 283 1344 omnibus
299 1294 392 1344 notum
410 1294 502 1358 estut,
516 1291 626 1345 siillum
641 1293 770 1354 laudibus
786 1295 882 1349 efferre
899 1295 1005 1364 vellem,

159 1377 257 1434 merito
269 1376 440 1444 importunus
453 1393 513 1430 esse
526 1376 667 1431 iudicarer.
704 1381 831 1448 quoniam
843 1380 935 1450 igitur,
948 1382 1006 1451 qui-

157 1479 276 1531 cumque
306 1462 420 1532 posthac
449 1463 486 1517 ad
507 1465 708 1518 emendandum
733 1467 890 1521 Lucretium
914 1485 1006 1522 sanam

157 1554 246 1620 artem
257 1551 390 1606 adhibere
399 1551 480 1618 volet,
488 1553 546 1606 eius
555 1553 606 1606 viri
615 1554 737 1622 vestigiis
750 1555 876 1610 insistere
886 1555 1005 1623 debebit,

87 1657 90 1666 ¹
157 1640 187 1690 et
199 1636 251 1691 hac
266 1637 301 1691 de
318 1638 414 1692 roiam
428 1639 536 1707 saepius
548 1639 685 1709 disputavi
697 1640 724 1694 in
737 1641 877 1696 annalibus
893 1640 1006 1711 philolo-

155 1723 224 1790 gieis
243 1724 290 1793 qui
311 1740 398 1792 nuper
418 1724 611 1793 Cantabrigiae
632 1725 801 1792 prodierunt,
824 1729 853 1780 et
874 1742 945 1794 mox,
964 1726 1005 1781 ut'

158 1825 244 1878 spero,
261 1809 347 1864 fusius
366 1810 518 1865 disserendi
537 1811 705 1864 occasionem
723 1811 870 1878 nanciscar,
885 1811 929 1866 hio
948 1811 1006 1880 qui-

158 1893 221 1948 dem
230 1893 351 1948 breviter
360 1895 433 1949 etad
445 1895 588 1948 consilium
599 1898 709 1949 nostrae
722 1895 849 1950 editionis
857 1913 1006 1950 accommo-
1052 1949 1053 1956 ,

157 1979 223 2034 date
236 1997 283 2034 eos
294 1983 403 2034 tantum
415 1980 488 2035 locos
499 1981 625 2035 indicabo
636 1981 774 2050 inquibus
786 1982 891 2052 aliquid
902 1983 1005 2052 melius,

158 2085 239 2134 quam
252 2069 326 2138 quod
343 2085 359 2122 a
374 2068 547 2122 Lachmanno
558 2069 700 2123 inventum
713 2073 764 2136 est,
776 2074 824 2124 aut
841 2087 856 2124 e
868 2069 1006 2124 codicibus

157 2155 304 2224 sumpsisse
319 2159 367 2210 aut
383 2156 497 2210 aliorum
514 2159 562 2210 aut
574 2155 692 2224 denique
704 2173 766 2209 mea
778 2156 932 2210 coniectura
944 2173 1005 2225 rep-

156 2241 260 2310 perisse
288 2241 355 2295 mihi
384 2241 485 2296 videor.
524 2242 640 2296 leviores
671 2241 868 2312 discrepantias
898 2241 1006 2295 silentio

157 2327 322 2396 praeteribo.

501 2525 617 2580 LIBlllt
636 2525 658 2581 Ι.

209 2687 243 2738 to
277 2691 408 2732 romnus
419 2680 487 2735 libri.
524 2680 550 2734 N
553 2679 629 2734 onius
648 2679 766 2750 tondere,
782 2697 864 2750 quem
882 2683 1005 2752 sequitur

157 2765 353 2821 Lachmannus.

210 2859 243 2908 68
278 2863 360 2904 FAMA
371 2863 464 2906 ouum.
500 2852 689 2908 Lachmaunus
707 2871 768 2908 oum
785 2853 1003 2920 Bentleiosanu.

158 2939 371 3006 ‘scilicetfomo'
383 2940 473 3009 inquit
485 2939 550 2993 ‘non
560 2940 647 2993 omnis
658 2940 811 2994 necessario
824 2956 929 3006 inopen
941 2939 1003 2996 est’:

156 3044 210 3086 non
223 3011 636 3096 omnis‚sednecessarioon1nis
648 3027 830 3092 dcumfamc,
862 3027 899 3080 sic
912 3026 1004 3080 Livius

156 3127 176 3165 x
196 3117 230 3166 24
250 3113 307 3166 sine
327 3112 383 3166 ullo
404 3113 598 3182 epitlicto·Ad
615 3115 734 3176 somam
753 3111 857 3181 populi
876 3111 1005 3165 Romani

156 3198 306 3268 pertinere.
