<?xml version="1.0" encoding="UTF-8"?>
<!DOCTYPE html PUBLIC "-//W3C//DTD XHTML 1.0 Transitional//EN"
    "http://www.w3.org/TR/xhtml1/DTD/xhtml1-transitional.dtd">
<html xmlns="http://www.w3.org/1999/xhtml" xml:lang="en" lang="en">
 <head>
  <title>
</title>
<meta http-equiv="Content-Type" content="text/html;charset=utf-8" />
  <meta name='ocr-system' content='tesseract 3.04.00' />
  <meta name='ocr-capabilities' content='ocr_page ocr_carea ocr_par ocr_line ocrx_word'/>
</head>
<body>
  <div class='ocr_page' id='page_1' title='image "./tlucreticarider11carugoog_0175.png"; bbox 0 0 2234 3526; ppageno 0'>
   <div class='ocr_carea' id='block_1_1' title="bbox 560 132 592 186">
    <p class='ocr_par' dir='ltr' id='par_1_1' title="bbox 560 132 592 186">
     <span class='ocr_line' id='line_1_1' title="bbox 560 132 592 186; baseline 0 -46"><span class='ocrx_word' id='word_1_1' title='bbox 560 132 592 186; x_wconf 70' lang='lat' dir='ltr'>V</span> 
     </span>
    </p>
   </div>
   <div class='ocr_carea' id='block_1_2' title="bbox 155 237 1008 3274">
    <p class='ocr_par' dir='ltr' id='par_1_2' title="bbox 156 237 1005 1068">
     <span class='ocr_line' id='line_1_2' title="bbox 157 237 812 303; baseline -0.005 -11"><span class='ocrx_word' id='word_1_2' title='bbox 157 254 210 293; x_wconf 92' lang='lat' dir='ltr'><strong>nou</strong></span> <span class='ocrx_word' id='word_1_3' title='bbox 228 238 297 292; x_wconf 87' lang='lat' dir='ltr'><strong>altas</strong></span> <span class='ocrx_word' id='word_1_4' title='bbox 314 239 399 292; x_wconf 89' lang='lat' dir='ltr'><strong>turris</strong></span> <span class='ocrx_word' id='word_1_5' title='bbox 416 251 497 289; x_wconf 85' lang='lat' dir='ltr'><strong>ruere</strong></span> <span class='ocrx_word' id='word_1_6' title='bbox 516 238 546 288; x_wconf 89' lang='lat' dir='ltr'><strong>et</strong></span> <span class='ocrx_word' id='word_1_7' title='bbox 562 237 721 303; x_wconf 84' lang='lat' dir='ltr'><strong>putrescere</strong></span> <span class='ocrx_word' id='word_1_8' title='bbox 739 252 812 301; x_wconf 87' lang='lat' dir='ltr'><strong>saxa,</strong></span> 
     </span>
     <span class='ocr_line' id='line_1_3' title="bbox 157 310 865 380; baseline -0.004 -12"><span class='ocrx_word' id='word_1_9' title='bbox 157 332 211 368; x_wconf 91' lang='lat' dir='ltr'><strong>non</strong></span> <span class='ocrx_word' id='word_1_10' title='bbox 230 313 345 368; x_wconf 84' lang='lat' dir='ltr'><strong>delubra</strong></span> <span class='ocrx_word' id='word_1_11' title='bbox 362 312 444 365; x_wconf 89' lang='lat' dir='ltr'><strong>deum</strong></span> <span class='ocrx_word' id='word_1_12' title='bbox 463 311 661 380; x_wconf 84' lang='lat' dir='ltr'><strong>simulacraque</strong></span> <span class='ocrx_word' id='word_1_13' title='bbox 679 312 751 366; x_wconf 83' lang='lat' dir='ltr'><strong>fessa</strong></span> <span class='ocrx_word' id='word_1_14' title='bbox 767 310 865 378; x_wconf 85' lang='lat' dir='ltr'><strong>fatisci,</strong></span> 
     </span>
     <span class='ocr_line' id='line_1_4' title="bbox 157 386 778 456; baseline -0.002 -14"><span class='ocrx_word' id='word_1_15' title='bbox 157 407 208 444; x_wconf 90' lang='lat' dir='ltr'><strong>noc</strong></span> <span class='ocrx_word' id='word_1_16' title='bbox 226 394 349 443; x_wconf 88' lang='lat' dir='ltr'><strong>sanctum</strong></span> <span class='ocrx_word' id='word_1_17' title='bbox 366 405 466 442; x_wconf 89' lang='lat' dir='ltr'><strong>numen</strong></span> <span class='ocrx_word' id='word_1_18' title='bbox 483 386 533 441; x_wconf 84' lang='lat' dir='ltr'><strong>fati</strong></span> <span class='ocrx_word' id='word_1_19' title='bbox 550 387 698 456; x_wconf 74' lang='lat' dir='ltr'>protollere</span> <span class='ocrx_word' id='word_1_20' title='bbox 716 387 778 442; x_wconf 82' lang='lat' dir='ltr'><strong>finis</strong></span> 
     </span>
     <span class='ocr_line' id='line_1_5' title="bbox 157 463 1005 534; baseline -0.002 -14"><span class='ocrx_word' id='word_1_21' title='bbox 157 482 237 533; x_wconf 91' lang='lat' dir='ltr'><strong>posse</strong></span> <span class='ocrx_word' id='word_1_22' title='bbox 255 482 343 534; x_wconf 91' lang='lat' dir='ltr'><strong>neque</strong></span> <span class='ocrx_word' id='word_1_23' title='bbox 362 463 492 518; x_wconf 88' lang='lat' dir='ltr'><strong>adversus</strong></span> <span class='ocrx_word' id='word_1_24' title='bbox 510 468 625 519; x_wconf 89' lang='lat' dir='ltr'><strong>naturae</strong></span> <span class='ocrx_word' id='word_1_25' title='bbox 642 463 754 519; x_wconf 79' lang='lat' dir='ltr'><strong>foedera</strong></span> <span class='ocrx_word' id='word_1_26' title='bbox 772 464 840 518; x_wconf 83' lang='lat' dir='ltr'><strong>nitil</strong></span> <span class='ocrx_word' id='word_1_27' title='bbox 969 479 1005 518; x_wconf 80' lang='lat' dir='ltr'><strong>aro</strong></span> 
     </span>
     <span class='ocr_line' id='line_1_6' title="bbox 157 539 909 610; baseline -0.004 -16"><span class='ocrx_word' id='word_1_28' title='bbox 157 542 276 609; x_wconf 90' lang='lat' dir='ltr'><strong>deniqne</strong></span> <span class='ocrx_word' id='word_1_29' title='bbox 294 558 347 594; x_wconf 91' lang='lat' dir='ltr'><strong>non</strong></span> <span class='ocrx_word' id='word_1_30' title='bbox 365 542 532 595; x_wconf 86' lang='lat' dir='ltr'><strong>monimenta</strong></span> <span class='ocrx_word' id='word_1_31' title='bbox 549 541 639 594; x_wconf 85' lang='lat' dir='ltr'><strong>virum</strong></span> <span class='ocrx_word' id='word_1_32' title='bbox 657 539 761 610; x_wconf 86' lang='lat' dir='ltr'><strong>dilapsa</strong></span> <span class='ocrx_word' id='word_1_33' title='bbox 778 541 909 604; x_wconf 84' lang='lat' dir='ltr'><strong>videmus,</strong></span> 
     </span>
     <span class='ocr_line' id='line_1_7' title="bbox 157 617 914 687; baseline -0.005 -16"><span class='ocrx_word' id='word_1_34' title='bbox 157 635 275 687; x_wconf 86' lang='lat' dir='ltr'><strong>aeraque</strong></span> <span class='ocrx_word' id='word_1_35' title='bbox 293 635 425 686; x_wconf 88' lang='lat' dir='ltr'><strong>proporro</strong></span> <span class='ocrx_word' id='word_1_36' title='bbox 444 617 615 686; x_wconf 89' lang='lat' dir='ltr'><strong>solidumque</strong></span> <span class='ocrx_word' id='word_1_37' title='bbox 633 633 775 672; x_wconf 89' lang='lat' dir='ltr'><strong>senescere</strong></span> <span class='ocrx_word' id='word_1_38' title='bbox 785 619 914 683; x_wconf 78' lang='lat' dir='ltr'><strong>serrum,</strong></span> 
     </span>
     <span class='ocr_line' id='line_1_8' title="bbox 157 693 811 748; baseline 0 -2"><span class='ocrx_word' id='word_1_39' title='bbox 157 711 211 747; x_wconf 93' lang='lat' dir='ltr'><strong>non</strong></span> <span class='ocrx_word' id='word_1_40' title='bbox 230 710 309 748; x_wconf 86' lang='lat' dir='ltr'><strong>ruere</strong></span> <span class='ocrx_word' id='word_1_41' title='bbox 326 694 431 747; x_wconf 75' lang='lat' dir='ltr'><strong>avolsos</strong></span> <span class='ocrx_word' id='word_1_42' title='bbox 449 693 537 747; x_wconf 83' lang='lat' dir='ltr'><strong>silices</strong></span> <span class='ocrx_word' id='word_1_43' title='bbox 556 710 573 747; x_wconf 89' lang='lat' dir='ltr'><strong>a</strong></span> <span class='ocrx_word' id='word_1_44' title='bbox 590 693 728 746; x_wconf 89' lang='lat' dir='ltr'><strong>montibus</strong></span> <span class='ocrx_word' id='word_1_45' title='bbox 747 693 811 747; x_wconf 89' lang='lat' dir='ltr'><strong>altis</strong></span> 
     </span>
     <span class='ocr_line' id='line_1_9' title="bbox 156 770 764 839; baseline 0.002 -16"><span class='ocrx_word' id='word_1_46' title='bbox 156 787 207 824; x_wconf 90' lang='lat' dir='ltr'><strong>nec</strong></span> <span class='ocrx_word' id='word_1_47' title='bbox 224 770 328 824; x_wconf 85' lang='lat' dir='ltr'><strong>validas</strong></span> <span class='ocrx_word' id='word_1_48' title='bbox 346 771 404 824; x_wconf 81' lang='lat' dir='ltr'><strong>aevi</strong></span> <span class='ocrx_word' id='word_1_49' title='bbox 422 770 494 823; x_wconf 87' lang='lat' dir='ltr'><strong>vires</strong></span> <span class='ocrx_word' id='word_1_50' title='bbox 512 770 634 838; x_wconf 82' lang='lat' dir='ltr'><strong>perferre</strong></span> <span class='ocrx_word' id='word_1_51' title='bbox 652 771 764 839; x_wconf 87' lang='lat' dir='ltr'><strong>patique</strong></span> 
     </span>
     <span class='ocr_line' id='line_1_10' title="bbox 157 846 1005 915; baseline -0.002 -15"><span class='ocrx_word' id='word_1_52' title='bbox 157 846 245 901; x_wconf 87' lang='lat' dir='ltr'><strong>finitil</strong></span> <span class='ocrx_word' id='word_1_53' title='bbox 262 863 351 914; x_wconf 90' lang='lat' dir='ltr'><strong>neque</strong></span> <span class='ocrx_word' id='word_1_54' title='bbox 368 846 440 900; x_wconf 91' lang='lat' dir='ltr'><strong>enim</strong></span> <span class='ocrx_word' id='word_1_55' title='bbox 458 846 590 900; x_wconf 80' lang='lat' dir='ltr'>caderent</span> <span class='ocrx_word' id='word_1_56' title='bbox 608 846 699 900; x_wconf 82' lang='lat' dir='ltr'><strong>avolsa</strong></span> <span class='ocrx_word' id='word_1_57' title='bbox 716 847 838 915; x_wconf 87' lang='lat' dir='ltr'><strong>repente,</strong></span> <span class='ocrx_word' id='word_1_58' title='bbox 929 883 932 888; x_wconf 87' lang='lat'><em>-</em></span> <span class='ocrx_word' id='word_1_59' title='bbox 968 859 1005 898; x_wconf 80' lang='lat'><strong>:315</strong></span> 
     </span>
     <span class='ocr_line' id='line_1_11' title="bbox 156 922 777 991; baseline -0.002 -15"><span class='ocrx_word' id='word_1_60' title='bbox 156 939 190 976; x_wconf 86' lang='lat' dir='ltr'><strong>ex</strong></span> <span class='ocrx_word' id='word_1_61' title='bbox 208 922 314 976; x_wconf 86' lang='lat' dir='ltr'><strong>infinito</strong></span> <span class='ocrx_word' id='word_1_62' title='bbox 333 939 402 991; x_wconf 88' lang='lat' dir='ltr'><strong>quae</strong></span> <span class='ocrx_word' id='word_1_63' title='bbox 420 925 544 990; x_wconf 89' lang='lat' dir='ltr'><strong>tempore</strong></span> <span class='ocrx_word' id='word_1_64' title='bbox 563 922 777 990; x_wconf 75' lang='lat' dir='ltr'><strong>pertolerassent</strong></span> 
     </span>
     <span class='ocr_line' id='line_1_12' title="bbox 157 999 775 1068; baseline 0.002 -18"><span class='ocrx_word' id='word_1_65' title='bbox 157 999 247 1053; x_wconf 90' lang='lat' dir='ltr'><strong>omnia</strong></span> <span class='ocrx_word' id='word_1_66' title='bbox 264 1001 402 1053; x_wconf 88' lang='lat' dir='ltr'><strong>tormenta</strong></span> <span class='ocrx_word' id='word_1_67' title='bbox 418 999 517 1053; x_wconf 88' lang='lat' dir='ltr'><strong>aetatis</strong></span> <span class='ocrx_word' id='word_1_68' title='bbox 534 999 643 1068; x_wconf 84' lang='lat' dir='ltr'><strong>privata</strong></span> <span class='ocrx_word' id='word_1_69' title='bbox 660 999 775 1066; x_wconf 81' lang='lat' dir='ltr'><strong>fragore.</strong></span> 
     </span>
    </p>

    <p class='ocr_par' dir='ltr' id='par_1_3' title="bbox 156 1073 1006 1522">
     <span class='ocr_line' id='line_1_13' title="bbox 192 1073 993 1144; baseline -0.002 -17"><span class='ocrx_word' id='word_1_70' title='bbox 192 1075 316 1144; x_wconf 86' lang='lat' dir='ltr'><strong>Denique</strong></span> <span class='ocrx_word' id='word_1_71' title='bbox 325 1076 379 1129; x_wconf 90' lang='lat' dir='ltr'><strong>iam</strong></span> <span class='ocrx_word' id='word_1_72' title='bbox 389 1079 468 1134; x_wconf 79' lang='lat' dir='ltr'><strong>tuere</strong></span> <span class='ocrx_word' id='word_1_73' title='bbox 477 1075 534 1140; x_wconf 90' lang='lat' dir='ltr'><strong>hoc,</strong></span> <span class='ocrx_word' id='word_1_74' title='bbox 545 1075 647 1128; x_wconf 90' lang='lat' dir='ltr'><strong>circum</strong></span> <span class='ocrx_word' id='word_1_75' title='bbox 657 1090 793 1143; x_wconf 82' lang='lat' dir='ltr'><strong>supraque</strong></span> <span class='ocrx_word' id='word_1_76' title='bbox 803 1073 876 1141; x_wconf 90' lang='lat' dir='ltr'><strong>quod</strong></span> <span class='ocrx_word' id='word_1_77' title='bbox 886 1089 993 1125; x_wconf 86' lang='lat' dir='ltr'><strong>omnem</strong></span> 
     </span>
     <span class='ocr_line' id='line_1_14' title="bbox 156 1151 845 1220; baseline -0.003 -16"><span class='ocrx_word' id='word_1_78' title='bbox 156 1151 278 1206; x_wconf 84' lang='lat' dir='ltr'><strong>continet</strong></span> <span class='ocrx_word' id='word_1_79' title='bbox 296 1151 423 1220; x_wconf 87' lang='lat' dir='ltr'><strong>amplexu</strong></span> <span class='ocrx_word' id='word_1_80' title='bbox 440 1155 558 1204; x_wconf 83' lang='lat' dir='ltr'><strong>terram:</strong></span> <span class='ocrx_word' id='word_1_81' title='bbox 577 1152 745 1220; x_wconf 82' lang='lat' dir='ltr'><strong>siprocreat</strong></span> <span class='ocrx_word' id='word_1_82' title='bbox 763 1167 797 1202; x_wconf 84' lang='lat' dir='ltr'><strong>ex</strong></span> <span class='ocrx_word' id='word_1_83' title='bbox 816 1165 845 1202; x_wconf 90' lang='lat' dir='ltr'><strong>so</strong></span> 
     </span>
     <span class='ocr_line' id='line_1_15' title="bbox 157 1226 1006 1296; baseline -0.004 -18"><span class='ocrx_word' id='word_1_84' title='bbox 157 1227 254 1294; x_wconf 84' lang='lat' dir='ltr'><strong>omnia,</strong></span> <span class='ocrx_word' id='word_1_85' title='bbox 264 1227 339 1296; x_wconf 90' lang='lat' dir='ltr'><strong>quod</strong></span> <span class='ocrx_word' id='word_1_86' title='bbox 349 1227 460 1296; x_wconf 88' lang='lat' dir='ltr'><strong>quidam</strong></span> <span class='ocrx_word' id='word_1_87' title='bbox 470 1231 628 1294; x_wconf 88' lang='lat' dir='ltr'><strong>memorant,</strong></span> <span class='ocrx_word' id='word_1_88' title='bbox 639 1227 793 1295; x_wconf 80' lang='lat' dir='ltr'><strong>recipitque</strong></span> <span class='ocrx_word' id='word_1_89' title='bbox 802 1226 952 1292; x_wconf 88' lang='lat' dir='ltr'><strong>perempta,</strong></span> <span class='ocrx_word' id='word_1_90' title='bbox 969 1236 1006 1276; x_wconf 76' lang='lat' dir='ltr'><strong>aas</strong></span> 
     </span>
     <span class='ocr_line' id='line_1_16' title="bbox 156 1303 778 1371; baseline -0.002 -15"><span class='ocrx_word' id='word_1_91' title='bbox 156 1306 246 1356; x_wconf 79' lang='lat' dir='ltr'><strong>totrmr</strong></span> <span class='ocrx_word' id='word_1_92' title='bbox 264 1303 387 1356; x_wconf 85' lang='lat' dir='ltr'><strong>nativum</strong></span> <span class='ocrx_word' id='word_1_93' title='bbox 406 1303 514 1356; x_wconf 85' lang='lat' dir='ltr'><strong>mortali</strong></span> <span class='ocrx_word' id='word_1_94' title='bbox 532 1318 645 1371; x_wconf 88' lang='lat' dir='ltr'><strong>corpore</strong></span> <span class='ocrx_word' id='word_1_95' title='bbox 664 1304 778 1356; x_wconf 87' lang='lat' dir='ltr'><strong>constat.</strong></span> 
     </span>
     <span class='ocr_line' id='line_1_17' title="bbox 156 1376 907 1447; baseline -0.003 -16"><span class='ocrx_word' id='word_1_96' title='bbox 156 1395 220 1431; x_wconf 85' lang='lat' dir='ltr'><strong>nam</strong></span> <span class='ocrx_word' id='word_1_97' title='bbox 238 1379 429 1447; x_wconf 86' lang='lat' dir='ltr'><strong>quodcumque</strong></span> <span class='ocrx_word' id='word_1_98' title='bbox 447 1378 513 1432; x_wconf 91' lang='lat' dir='ltr'><strong>alias</strong></span> <span class='ocrx_word' id='word_1_99' title='bbox 532 1395 565 1432; x_wconf 86' lang='lat' dir='ltr'><strong>ex</strong></span> <span class='ocrx_word' id='word_1_100' title='bbox 584 1394 613 1431; x_wconf 88' lang='lat' dir='ltr'><strong>se</strong></span> <span class='ocrx_word' id='word_1_101' title='bbox 632 1395 676 1431; x_wconf 87' lang='lat' dir='ltr'><strong>ros</strong></span> <span class='ocrx_word' id='word_1_102' title='bbox 694 1380 777 1445; x_wconf 82' lang='lat' dir='ltr'><strong>auget</strong></span> <span class='ocrx_word' id='word_1_103' title='bbox 794 1376 907 1445; x_wconf 84' lang='lat' dir='ltr'><strong>alitque,</strong></span> 
     </span>
     <span class='ocr_line' id='line_1_18' title="bbox 157 1454 801 1522; baseline -0.003 -14"><span class='ocrx_word' id='word_1_104' title='bbox 157 1455 279 1509; x_wconf 89' lang='lat' dir='ltr'><strong>deminui</strong></span> <span class='ocrx_word' id='word_1_105' title='bbox 297 1454 389 1522; x_wconf 89' lang='lat' dir='ltr'><strong>debet,</strong></span> <span class='ocrx_word' id='word_1_106' title='bbox 407 1455 533 1521; x_wconf 86' lang='lat' dir='ltr'><strong>recreari,</strong></span> <span class='ocrx_word' id='word_1_107' title='bbox 552 1471 614 1507; x_wconf 91' lang='lat' dir='ltr'><strong>cum</strong></span> <span class='ocrx_word' id='word_1_108' title='bbox 632 1455 731 1522; x_wconf 86' lang='lat' dir='ltr'><strong>recipit</strong></span> <span class='ocrx_word' id='word_1_109' title='bbox 748 1470 801 1507; x_wconf 88' lang='lat' dir='ltr'><strong>res.</strong></span> 
     </span>
    </p>

    <p class='ocr_par' dir='ltr' id='par_1_4' title="bbox 155 1530 1008 3274">
     <span class='ocr_line' id='line_1_19' title="bbox 192 1530 785 1599; baseline -0.005 -14"><span class='ocrx_word' id='word_1_110' title='bbox 192 1532 342 1585; x_wconf 88' lang='lat' dir='ltr'><strong>Praeterea</strong></span> <span class='ocrx_word' id='word_1_111' title='bbox 360 1531 383 1583; x_wconf 93' lang='lat' dir='ltr'><strong>si</strong></span> <span class='ocrx_word' id='word_1_112' title='bbox 400 1531 475 1584; x_wconf 93' lang='lat' dir='ltr'><strong>nulla</strong></span> <span class='ocrx_word' id='word_1_113' title='bbox 492 1531 546 1585; x_wconf 84' lang='lat' dir='ltr'><strong>fuit</strong></span> <span class='ocrx_word' id='word_1_114' title='bbox 562 1531 691 1599; x_wconf 85' lang='lat' dir='ltr'><strong>genitalis</strong></span> <span class='ocrx_word' id='word_1_115' title='bbox 709 1530 785 1597; x_wconf 86' lang='lat' dir='ltr'><strong>origo</strong></span> 
     </span>
     <span class='ocr_line' id='line_1_20' title="bbox 156 1607 1008 1676; baseline -0.002 -15"><span class='ocrx_word' id='word_1_116' title='bbox 156 1609 294 1662; x_wconf 86' lang='lat' dir='ltr'><strong>terrarum</strong></span> <span class='ocrx_word' id='word_1_117' title='bbox 312 1611 342 1660; x_wconf 90' lang='lat' dir='ltr'><strong>et</strong></span> <span class='ocrx_word' id='word_1_118' title='bbox 359 1607 428 1660; x_wconf 86' lang='lat' dir='ltr'><strong>caeli</strong></span> <span class='ocrx_word' id='word_1_119' title='bbox 448 1623 610 1676; x_wconf 81' lang='lat' dir='ltr'><strong>semperque</strong></span> <span class='ocrx_word' id='word_1_120' title='bbox 628 1610 739 1660; x_wconf 87' lang='lat' dir='ltr'><strong>aeterna</strong></span> <span class='ocrx_word' id='word_1_121' title='bbox 757 1608 841 1673; x_wconf 86' lang='lat' dir='ltr'><strong>inere,</strong></span> <span class='ocrx_word' id='word_1_122' title='bbox 972 1618 1008 1658; x_wconf 79' lang='lat' dir='ltr'><strong>aas</strong></span> 
     </span>
     <span class='ocr_line' id='line_1_21' title="bbox 156 1681 892 1752; baseline -0.001 -15"><span class='ocrx_word' id='word_1_123' title='bbox 156 1700 205 1738; x_wconf 89' lang='lat' dir='ltr'><strong>cur</strong></span> <span class='ocrx_word' id='word_1_124' title='bbox 223 1700 322 1752; x_wconf 88' lang='lat' dir='ltr'><strong>supera</strong></span> <span class='ocrx_word' id='word_1_125' title='bbox 339 1681 440 1736; x_wconf 89' lang='lat' dir='ltr'><strong>bellum</strong></span> <span class='ocrx_word' id='word_1_126' title='bbox 459 1683 617 1737; x_wconf 83' lang='lat' dir='ltr'><strong>Thebanum</strong></span> <span class='ocrx_word' id='word_1_127' title='bbox 634 1686 664 1736; x_wconf 91' lang='lat' dir='ltr'><strong>et</strong></span> <span class='ocrx_word' id='word_1_128' title='bbox 681 1683 778 1736; x_wconf 83' lang='lat' dir='ltr'><strong>funera</strong></span> <span class='ocrx_word' id='word_1_129' title='bbox 796 1681 892 1736; x_wconf 84' lang='lat' dir='ltr'><strong>Troiae</strong></span> 
     </span>
     <span class='ocr_line' id='line_1_22' title="bbox 157 1758 821 1828; baseline -0.002 -16"><span class='ocrx_word' id='word_1_130' title='bbox 157 1776 210 1812; x_wconf 92' lang='lat' dir='ltr'><strong>non</strong></span> <span class='ocrx_word' id='word_1_131' title='bbox 228 1760 295 1813; x_wconf 89' lang='lat' dir='ltr'><strong>alias</strong></span> <span class='ocrx_word' id='word_1_132' title='bbox 313 1759 358 1812; x_wconf 87' lang='lat' dir='ltr'><strong>alii</strong></span> <span class='ocrx_word' id='word_1_133' title='bbox 377 1775 486 1828; x_wconf 89' lang='lat' dir='ltr'><strong>quoqne</strong></span> <span class='ocrx_word' id='word_1_134' title='bbox 505 1776 549 1813; x_wconf 91' lang='lat' dir='ltr'><strong>res</strong></span> <span class='ocrx_word' id='word_1_135' title='bbox 567 1760 690 1813; x_wconf 85' lang='lat' dir='ltr'><strong>cecinere</strong></span> <span class='ocrx_word' id='word_1_136' title='bbox 708 1758 821 1826; x_wconf 77' lang='lat' dir='ltr'><strong>podtael</strong></span> 
     </span>
     <span class='ocr_line' id='line_1_23' title="bbox 156 1835 970 1904; baseline -0.006 -16"><span class='ocrx_word' id='word_1_137' title='bbox 156 1852 210 1904; x_wconf 92' lang='lat' dir='ltr'><strong>quo</strong></span> <span class='ocrx_word' id='word_1_138' title='bbox 228 1838 271 1889; x_wconf 87' lang='lat' dir='ltr'><strong>tot</strong></span> <span class='ocrx_word' id='word_1_139' title='bbox 288 1835 360 1889; x_wconf 75' lang='lat' dir='ltr'><strong>iacta</strong></span> <span class='ocrx_word' id='word_1_140' title='bbox 378 1835 465 1888; x_wconf 86' lang='lat' dir='ltr'><strong>virum</strong></span> <span class='ocrx_word' id='word_1_141' title='bbox 484 1835 587 1890; x_wconf 87' lang='lat' dir='ltr'><strong>totiens</strong></span> <span class='ocrx_word' id='word_1_142' title='bbox 605 1835 730 1889; x_wconf 89' lang='lat' dir='ltr'><strong>cecidere</strong></span> <span class='ocrx_word' id='word_1_143' title='bbox 748 1850 838 1902; x_wconf 90' lang='lat' dir='ltr'><strong>neque</strong></span> <span class='ocrx_word' id='word_1_144' title='bbox 855 1849 970 1900; x_wconf 83' lang='lat' dir='ltr'><strong>usquam</strong></span> 
     </span>
     <span class='ocr_line' id='line_1_24' title="bbox 156 1911 808 1966; baseline 0 -1"><span class='ocrx_word' id='word_1_145' title='bbox 156 1911 276 1966; x_wconf 87' lang='lat' dir='ltr'><strong>aeternis</strong></span> <span class='ocrx_word' id='word_1_146' title='bbox 293 1911 382 1964; x_wconf 84' lang='lat' dir='ltr'><strong>famae</strong></span> <span class='ocrx_word' id='word_1_147' title='bbox 401 1911 574 1966; x_wconf 87' lang='lat' dir='ltr'><strong>monimentis</strong></span> <span class='ocrx_word' id='word_1_148' title='bbox 592 1911 675 1965; x_wconf 85' lang='lat' dir='ltr'><strong>insita</strong></span> <span class='ocrx_word' id='word_1_149' title='bbox 691 1911 808 1965; x_wconf 80' lang='lat' dir='ltr'><strong>florenti</strong></span> 
     </span>
     <span class='ocr_line' id='line_1_25' title="bbox 155 1988 1007 2057; baseline -0.005 -16"><span class='ocrx_word' id='word_1_150' title='bbox 155 2004 258 2055; x_wconf 83' lang='lat' dir='ltr'><strong>verum,</strong></span> <span class='ocrx_word' id='word_1_151' title='bbox 270 1992 302 2043; x_wconf 88' lang='lat' dir='ltr'><strong>ut</strong></span> <span class='ocrx_word' id='word_1_152' title='bbox 314 1989 417 2057; x_wconf 91' lang='lat' dir='ltr'><strong>opinor,</strong></span> <span class='ocrx_word' id='word_1_153' title='bbox 425 1988 510 2042; x_wconf 85' lang='lat' dir='ltr'><strong>habet</strong></span> <span class='ocrx_word' id='word_1_154' title='bbox 521 1988 671 2043; x_wconf 84' lang='lat' dir='ltr'><strong>novitatem</strong></span> <span class='ocrx_word' id='word_1_155' title='bbox 685 2004 791 2041; x_wconf 90' lang='lat' dir='ltr'><strong>summa</strong></span> <span class='ocrx_word' id='word_1_156' title='bbox 802 2000 953 2053; x_wconf 84' lang='lat' dir='ltr'><strong>recensque</strong></span> <span class='ocrx_word' id='word_1_157' title='bbox 970 1998 1007 2037; x_wconf 80' lang='lat' dir='ltr'><strong>sao</strong></span> 
     </span>
     <span class='ocr_line' id='line_1_26' title="bbox 156 2063 856 2140; baseline 0 -24"><span class='ocrx_word' id='word_1_158' title='bbox 156 2067 281 2118; x_wconf 79' lang='lat' dir='ltr'><strong>naturast</strong></span> <span class='ocrx_word' id='word_1_159' title='bbox 298 2063 393 2140; x_wconf 19' lang='lat' dir='ltr'><strong>mun-di</strong></span> <span class='ocrx_word' id='word_1_160' title='bbox 406 2081 501 2134; x_wconf 90' lang='lat' dir='ltr'><strong>neque</strong></span> <span class='ocrx_word' id='word_1_161' title='bbox 518 2064 626 2132; x_wconf 88' lang='lat' dir='ltr'><strong>pridem</strong></span> <span class='ocrx_word' id='word_1_162' title='bbox 646 2063 758 2117; x_wconf 79' lang='lat' dir='ltr'><strong>exordia</strong></span> <span class='ocrx_word' id='word_1_163' title='bbox 776 2063 856 2133; x_wconf 89' lang='lat' dir='ltr'><strong>cepit.</strong></span> 
     </span>
     <span class='ocr_line' id='line_1_27' title="bbox 156 2140 878 2209; baseline 0 -18"><span class='ocrx_word' id='word_1_164' title='bbox 156 2156 241 2207; x_wconf 91' lang='lat' dir='ltr'><strong>quare</strong></span> <span class='ocrx_word' id='word_1_165' title='bbox 260 2140 341 2192; x_wconf 89' lang='lat' dir='ltr'><strong>etiam</strong></span> <span class='ocrx_word' id='word_1_166' title='bbox 360 2141 495 2207; x_wconf 87' lang='lat' dir='ltr'><strong>quaedam</strong></span> <span class='ocrx_word' id='word_1_167' title='bbox 512 2157 584 2194; x_wconf 92' lang='lat' dir='ltr'><strong>nunc</strong></span> <span class='ocrx_word' id='word_1_168' title='bbox 602 2143 676 2194; x_wconf 84' lang='lat' dir='ltr'><strong>artes</strong></span> <span class='ocrx_word' id='word_1_169' title='bbox 694 2141 878 2209; x_wconf 84' lang='lat' dir='ltr'><strong>expoliuntur,</strong></span> 
     </span>
     <span class='ocr_line' id='line_1_28' title="bbox 156 2215 998 2283; baseline -0.001 -16"><span class='ocrx_word' id='word_1_170' title='bbox 156 2231 227 2267; x_wconf 88' lang='lat' dir='ltr'><strong>nunc</strong></span> <span class='ocrx_word' id='word_1_171' title='bbox 245 2215 328 2268; x_wconf 88' lang='lat' dir='ltr'><strong>etiam</strong></span> <span class='ocrx_word' id='word_1_172' title='bbox 346 2219 511 2283; x_wconf 77' lang='lat' dir='ltr'><strong>augescunt3</strong></span> <span class='ocrx_word' id='word_1_173' title='bbox 529 2232 600 2268; x_wconf 92' lang='lat' dir='ltr'><strong>nunc</strong></span> <span class='ocrx_word' id='word_1_174' title='bbox 618 2215 714 2269; x_wconf 88' lang='lat' dir='ltr'><strong>addita</strong></span> <span class='ocrx_word' id='word_1_175' title='bbox 732 2215 845 2281; x_wconf 83' lang='lat' dir='ltr'><strong>navigiis</strong></span> <span class='ocrx_word' id='word_1_176' title='bbox 863 2215 927 2266; x_wconf 92' lang='lat' dir='ltr'><strong>sunt</strong></span> <span class='ocrx_word' id='word_1_177' title='bbox 996 2245 998 2250; x_wconf 85' lang='lat'><em>.</em></span> 
     </span>
     <span class='ocr_line' id='line_1_29' title="bbox 157 2290 901 2359; baseline -0.004 -16"><span class='ocrx_word' id='word_1_178' title='bbox 157 2290 251 2356; x_wconf 88' lang='lat' dir='ltr'><strong>multa,</strong></span> <span class='ocrx_word' id='word_1_179' title='bbox 269 2291 351 2344; x_wconf 88' lang='lat' dir='ltr'><strong>modo</strong></span> <span class='ocrx_word' id='word_1_180' title='bbox 369 2291 489 2359; x_wconf 84' lang='lat' dir='ltr'><strong>organici</strong></span> <span class='ocrx_word' id='word_1_181' title='bbox 506 2291 615 2344; x_wconf 87' lang='lat' dir='ltr'><strong>melicos</strong></span> <span class='ocrx_word' id='word_1_182' title='bbox 633 2308 765 2359; x_wconf 88' lang='lat' dir='ltr'><strong>peperero</strong></span> <span class='ocrx_word' id='word_1_183' title='bbox 784 2305 901 2342; x_wconf 87' lang='lat' dir='ltr'><strong>sonoros.</strong></span> 
     </span>
     <span class='ocr_line' id='line_1_30' title="bbox 157 2365 1007 2434; baseline -0.005 -15"><span class='ocrx_word' id='word_1_184' title='bbox 157 2365 275 2434; x_wconf 85' lang='lat' dir='ltr'><strong>donique</strong></span> <span class='ocrx_word' id='word_1_185' title='bbox 293 2371 391 2420; x_wconf 88' lang='lat' dir='ltr'><strong>natura</strong></span> <span class='ocrx_word' id='word_1_186' title='bbox 408 2367 477 2420; x_wconf 89' lang='lat' dir='ltr'><strong>haec</strong></span> <span class='ocrx_word' id='word_1_187' title='bbox 493 2383 586 2420; x_wconf 89' lang='lat' dir='ltr'><strong>rerum</strong></span> <span class='ocrx_word' id='word_1_188' title='bbox 604 2367 730 2434; x_wconf 90' lang='lat' dir='ltr'><strong>ratioque</strong></span> <span class='ocrx_word' id='word_1_189' title='bbox 747 2368 886 2434; x_wconf 85' lang='lat' dir='ltr'><strong>repertast</strong></span> <span class='ocrx_word' id='word_1_190' title='bbox 972 2377 1007 2416; x_wconf 77' lang='lat'><strong>³³5</strong></span> 
     </span>
     <span class='ocr_line' id='line_1_31' title="bbox 156 2441 919 2512; baseline -0.003 -19"><span class='ocrx_word' id='word_1_191' title='bbox 156 2458 251 2509; x_wconf 89' lang='lat' dir='ltr'><strong>nuper,</strong></span> <span class='ocrx_word' id='word_1_192' title='bbox 270 2445 300 2495; x_wconf 89' lang='lat' dir='ltr'><strong>et</strong></span> <span class='ocrx_word' id='word_1_193' title='bbox 317 2441 385 2497; x_wconf 91' lang='lat' dir='ltr'><strong>hanc</strong></span> <span class='ocrx_word' id='word_1_194' title='bbox 402 2443 508 2511; x_wconf 91' lang='lat' dir='ltr'><strong>primus</strong></span> <span class='ocrx_word' id='word_1_195' title='bbox 526 2459 587 2496; x_wconf 89' lang='lat' dir='ltr'><strong>cum</strong></span> <span class='ocrx_word' id='word_1_196' title='bbox 605 2442 699 2512; x_wconf 81' lang='lat' dir='ltr'><strong>primis</strong></span> <span class='ocrx_word' id='word_1_197' title='bbox 716 2442 775 2510; x_wconf 90' lang='lat' dir='ltr'><strong>ipse</strong></span> <span class='ocrx_word' id='word_1_198' title='bbox 793 2443 919 2508; x_wconf 85' lang='lat' dir='ltr'><strong>repertus</strong></span> 
     </span>
     <span class='ocr_line' id='line_1_32' title="bbox 156 2517 961 2587; baseline -0.005 -17"><span class='ocrx_word' id='word_1_199' title='bbox 156 2533 228 2571; x_wconf 89' lang='lat' dir='ltr'><strong>nunc</strong></span> <span class='ocrx_word' id='word_1_200' title='bbox 245 2534 297 2586; x_wconf 82' lang='lat' dir='ltr'><strong>ego</strong></span> <span class='ocrx_word' id='word_1_201' title='bbox 315 2535 374 2571; x_wconf 89' lang='lat' dir='ltr'><strong>sum</strong></span> <span class='ocrx_word' id='word_1_202' title='bbox 393 2519 420 2571; x_wconf 94' lang='lat' dir='ltr'><strong>in</strong></span> <span class='ocrx_word' id='word_1_203' title='bbox 438 2518 542 2587; x_wconf 88' lang='lat' dir='ltr'><strong>patrias</strong></span> <span class='ocrx_word' id='word_1_204' title='bbox 561 2518 608 2586; x_wconf 92' lang='lat' dir='ltr'><strong>qui</strong></span> <span class='ocrx_word' id='word_1_205' title='bbox 626 2517 728 2587; x_wconf 88' lang='lat' dir='ltr'><strong>possim</strong></span> <span class='ocrx_word' id='word_1_206' title='bbox 747 2520 855 2570; x_wconf 84' lang='lat' dir='ltr'><strong>vertere</strong></span> <span class='ocrx_word' id='word_1_207' title='bbox 873 2531 961 2567; x_wconf 77' lang='lat' dir='ltr'><strong>voees.</strong></span> 
     </span>
     <span class='ocr_line' id='line_1_33' title="bbox 157 2590 934 2661; baseline -0.005 -15"><span class='ocrx_word' id='word_1_208' title='bbox 157 2593 231 2661; x_wconf 92' lang='lat' dir='ltr'><strong>quod</strong></span> <span class='ocrx_word' id='word_1_209' title='bbox 249 2593 272 2647; x_wconf 88' lang='lat' dir='ltr'><strong>si</strong></span> <span class='ocrx_word' id='word_1_210' title='bbox 289 2595 360 2648; x_wconf 85' lang='lat' dir='ltr'><strong>forte</strong></span> <span class='ocrx_word' id='word_1_211' title='bbox 377 2594 462 2649; x_wconf 85' lang='lat' dir='ltr'><strong>inisse</strong></span> <span class='ocrx_word' id='word_1_212' title='bbox 481 2594 596 2648; x_wconf 88' lang='lat' dir='ltr'><strong>antehac</strong></span> <span class='ocrx_word' id='word_1_213' title='bbox 614 2593 711 2649; x_wconf 89' lang='lat' dir='ltr'><strong>eadem</strong></span> <span class='ocrx_word' id='word_1_214' title='bbox 729 2594 819 2647; x_wconf 88' lang='lat' dir='ltr'><strong>omnia</strong></span> <span class='ocrx_word' id='word_1_215' title='bbox 837 2590 934 2658; x_wconf 89' lang='lat' dir='ltr'><strong>credis,</strong></span> 
     </span>
     <span class='ocr_line' id='line_1_34' title="bbox 157 2669 867 2739; baseline -0.003 -17"><span class='ocrx_word' id='word_1_216' title='bbox 157 2669 207 2722; x_wconf 87' lang='lat' dir='ltr'><strong>sed</strong></span> <span class='ocrx_word' id='word_1_217' title='bbox 225 2670 338 2739; x_wconf 88' lang='lat' dir='ltr'><strong>periisse</strong></span> <span class='ocrx_word' id='word_1_218' title='bbox 357 2670 496 2724; x_wconf 89' lang='lat' dir='ltr'><strong>hominum</strong></span> <span class='ocrx_word' id='word_1_219' title='bbox 514 2671 634 2725; x_wconf 87' lang='lat' dir='ltr'><strong>torrenti</strong></span> <span class='ocrx_word' id='word_1_220' title='bbox 652 2671 740 2724; x_wconf 84' lang='lat' dir='ltr'><strong>saecla</strong></span> <span class='ocrx_word' id='word_1_221' title='bbox 758 2683 867 2738; x_wconf 82' lang='lat' dir='ltr'><strong>vapore,</strong></span> 
     </span>
     <span class='ocr_line' id='line_1_35' title="bbox 157 2743 1008 2816; baseline -0.006 -18"><span class='ocrx_word' id='word_1_222' title='bbox 157 2750 205 2800; x_wconf 82' lang='lat' dir='ltr'><strong>aut</strong></span> <span class='ocrx_word' id='word_1_223' title='bbox 222 2747 353 2802; x_wconf 84' lang='lat' dir='ltr'><strong>cecidisse</strong></span> <span class='ocrx_word' id='word_1_224' title='bbox 371 2748 447 2801; x_wconf 91' lang='lat' dir='ltr'><strong>urbis</strong></span> <span class='ocrx_word' id='word_1_225' title='bbox 465 2764 564 2816; x_wconf 85' lang='lat' dir='ltr'><strong>magno</strong></span> <span class='ocrx_word' id='word_1_226' title='bbox 581 2747 724 2800; x_wconf 86' lang='lat' dir='ltr'><strong>vexamine</strong></span> <span class='ocrx_word' id='word_1_227' title='bbox 742 2743 844 2810; x_wconf 92' lang='lat' dir='ltr'><strong>mundi,</strong></span> <span class='ocrx_word' id='word_1_228' title='bbox 972 2753 1008 2793; x_wconf 78' lang='lat' dir='ltr'><strong>aro</strong></span> 
     </span>
     <span class='ocr_line' id='line_1_36' title="bbox 157 2823 787 2892; baseline 0.002 -17"><span class='ocrx_word' id='word_1_229' title='bbox 157 2825 205 2876; x_wconf 88' lang='lat' dir='ltr'><strong>aut</strong></span> <span class='ocrx_word' id='word_1_230' title='bbox 224 2839 258 2876; x_wconf 84' lang='lat' dir='ltr'><strong>ex</strong></span> <span class='ocrx_word' id='word_1_231' title='bbox 276 2823 408 2884; x_wconf 85' lang='lat' dir='ltr'><strong>imbribus</strong></span> <span class='ocrx_word' id='word_1_232' title='bbox 427 2823 550 2892; x_wconf 83' lang='lat' dir='ltr'><strong>adsiduis</strong></span> <span class='ocrx_word' id='word_1_233' title='bbox 568 2823 657 2876; x_wconf 83' lang='lat' dir='ltr'><strong>exisse</strong></span> <span class='ocrx_word' id='word_1_234' title='bbox 674 2839 787 2892; x_wconf 82' lang='lat' dir='ltr'><strong>rapaces</strong></span> 
     </span>
     <span class='ocr_line' id='line_1_37' title="bbox 156 2899 839 2969; baseline 0.001 -18"><span class='ocrx_word' id='word_1_235' title='bbox 156 2915 207 2968; x_wconf 88' lang='lat' dir='ltr'><strong>per</strong></span> <span class='ocrx_word' id='word_1_236' title='bbox 224 2903 312 2952; x_wconf 84' lang='lat' dir='ltr'><strong>terras</strong></span> <span class='ocrx_word' id='word_1_237' title='bbox 330 2917 423 2954; x_wconf 87' lang='lat' dir='ltr'><strong>amnes</strong></span> <span class='ocrx_word' id='word_1_238' title='bbox 440 2904 524 2969; x_wconf 85' lang='lat' dir='ltr'><strong>atque</strong></span> <span class='ocrx_word' id='word_1_239' title='bbox 543 2899 643 2968; x_wconf 91' lang='lat' dir='ltr'><strong>oppida</strong></span> <span class='ocrx_word' id='word_1_240' title='bbox 661 2899 839 2967; x_wconf 79' lang='lat' dir='ltr'><strong>cooperuisse,</strong></span> 
     </span>
     <span class='ocr_line' id='line_1_38' title="bbox 156 2976 842 3045; baseline 0.004 -18"><span class='ocrx_word' id='word_1_241' title='bbox 156 2979 234 3028; x_wconf 84' lang='lat' dir='ltr'><strong>tanto</strong></span> <span class='ocrx_word' id='word_1_242' title='bbox 253 2976 355 3044; x_wconf 88' lang='lat' dir='ltr'><strong>quique</strong></span> <span class='ocrx_word' id='word_1_243' title='bbox 372 2977 458 3045; x_wconf 74' lang='lat' dir='ltr'><strong>magis</strong></span> <span class='ocrx_word' id='word_1_244' title='bbox 475 2976 564 3030; x_wconf 87' lang='lat' dir='ltr'><strong>victus</strong></span> <span class='ocrx_word' id='word_1_245' title='bbox 581 2976 685 3030; x_wconf 84' lang='lat' dir='ltr'><strong>fateare</strong></span> <span class='ocrx_word' id='word_1_246' title='bbox 704 2977 842 3030; x_wconf 86' lang='lat' dir='ltr'><strong>necessest</strong></span> 
     </span>
     <span class='ocr_line' id='line_1_39' title="bbox 157 3051 842 3122; baseline -0.001 -18"><span class='ocrx_word' id='word_1_247' title='bbox 157 3051 272 3104; x_wconf 83' lang='lat' dir='ltr'><strong>exitium</strong></span> <span class='ocrx_word' id='word_1_248' title='bbox 291 3069 400 3122; x_wconf 86' lang='lat' dir='ltr'><strong>quqque</strong></span> <span class='ocrx_word' id='word_1_249' title='bbox 419 3057 554 3107; x_wconf 88' lang='lat' dir='ltr'><strong>terrarum</strong></span> <span class='ocrx_word' id='word_1_250' title='bbox 572 3053 694 3120; x_wconf 88' lang='lat' dir='ltr'><strong>caelique</strong></span> <span class='ocrx_word' id='word_1_251' title='bbox 712 3051 842 3104; x_wconf 79' lang='lat' dir='ltr'><strong>futurum.</strong></span> 
     </span>
     <span class='ocr_line' id='line_1_40' title="bbox 156 3125 1008 3196; baseline 0.002 -16"><span class='ocrx_word' id='word_1_252' title='bbox 156 3143 218 3180; x_wconf 88' lang='lat' dir='ltr'><strong>narn</strong></span> <span class='ocrx_word' id='word_1_253' title='bbox 237 3145 299 3182; x_wconf 90' lang='lat' dir='ltr'><strong>cum</strong></span> <span class='ocrx_word' id='word_1_254' title='bbox 317 3145 362 3182; x_wconf 88' lang='lat' dir='ltr'><strong>res</strong></span> <span class='ocrx_word' id='word_1_255' title='bbox 380 3129 465 3182; x_wconf 88' lang='lat' dir='ltr'><strong>tantis</strong></span> <span class='ocrx_word' id='word_1_256' title='bbox 483 3128 584 3182; x_wconf 83' lang='lat' dir='ltr'><strong>morbis</strong></span> <span class='ocrx_word' id='word_1_257' title='bbox 601 3128 740 3194; x_wconf 87' lang='lat' dir='ltr'><strong>tantisque</strong></span> <span class='ocrx_word' id='word_1_258' title='bbox 757 3125 866 3196; x_wconf 87' lang='lat' dir='ltr'><strong>periclis</strong></span> <span class='ocrx_word' id='word_1_259' title='bbox 970 3140 1008 3182; x_wconf 69' lang='lat' dir='ltr'><strong>arr</strong></span> 
     </span>
     <span class='ocr_line' id='line_1_41' title="bbox 156 3203 773 3274; baseline 0.006 -17"><span class='ocrx_word' id='word_1_260' title='bbox 156 3205 367 3274; x_wconf 85' lang='lat' dir='ltr'><strong>temptarentur,</strong></span> <span class='ocrx_word' id='word_1_261' title='bbox 385 3203 423 3261; x_wconf 91' lang='lat' dir='ltr'><strong>ibi</strong></span> <span class='ocrx_word' id='word_1_262' title='bbox 442 3204 464 3260; x_wconf 88' lang='lat' dir='ltr'><strong>si</strong></span> <span class='ocrx_word' id='word_1_263' title='bbox 482 3204 586 3259; x_wconf 87' lang='lat' dir='ltr'><strong>tristior</strong></span> <span class='ocrx_word' id='word_1_264' title='bbox 604 3203 773 3261; x_wconf 88' lang='lat' dir='ltr'><strong>incubuisset</strong></span> 
     </span>
    </p>
   </div>
   <div class='ocr_carea' id='block_1_3' title="bbox 0 0 1122 3526">
    <p class='ocr_par' dir='ltr' id='par_1_5' title="bbox 0 0 1122 3526">
     <span class='ocr_line' id='line_1_42' title="bbox 0 0 1122 3526; baseline 0 0"><span class='ocrx_word' id='word_1_265' title='bbox 0 0 1122 3526; x_wconf 95' lang='lat' dir='ltr'><strong> </strong></span> 
     </span>
    </p>
   </div>
  </div>
 </body>
</html>
