2252 3530
114 146 171 202 100
506 143 578 199 ΗΠ

108 249 282 317 nequiquam,
300 249 429 317 quoniam
446 263 510 316 pers
527 247 625 300 horum
644 249 761 302 maximo
778 249 848 305 fallit

109 329 222 394 propter
239 325 366 392 opinatus
383 323 465 377 animi
483 341 552 392 quos
569 325 695 378 addimus
713 326 773 394 ipsi,
931 341 968 381 ron

108 417 159 470 pro
177 401 242 454 visis
259 405 291 454 ut
310 401 363 453 sint
382 416 452 468 quae
470 417 524 453 non
542 405 607 454 sunt
625 401 741 454 sensibu’
760 403 824 456 visa.

107 494 170 532 nam
189 477 226 531 nil
244 477 352 543 aegrius
370 481 413 531 est
432 493 513 546 quam
531 494 576 531 res
594 494 735 532 secernere
754 485 863 548 apertas

108 554 142 608 ab
161 553 258 621 dubiis,
277 553 383 606 animus
401 572 469 622 quas
487 555 522 608 ab
540 571 569 608 se
587 555 712 624 protinus
731 557 816 610 addit.

142 629 268 698 Denique
286 629 323 682 nil
342 631 403 684 sciri
422 631 507 700 siquis
525 635 613 700 p'utat,
631 631 661 685 id
679 649 789 702 quoqne
806 633 893 687 nescit

107 723 143 760 an
161 707 223 760 seiri
241 707 334 775 possit,
355 709 482 776 quoniam
502 708 541 761 nil
559 709 628 766 scire
646 709 757 765 fatetur.
931 725 967 766 470

107 782 178 836 hune
195 783 280 852 igitur
298 787 394 837 contra
413 785 521 838 mittam
540 785 707 839 contendere
725 803 841 853 causam,

107 859 154 928 qui
172 859 261 928 eapite
279 860 338 929 ipse
357 876 405 913 sua
423 861 450 913 in
468 862 568 915 statuit
585 861 701 930 vestigIa
719 879 785 916 sese.

106 940 135 989 et
153 938 245 989 tamen
263 936 314 990 boc
332 954 441 1006 quoque
459 938 500 991 nti
519 938 666 992 concedam
685 939 761 1007 scire,
779 943 808 994 at
825 939 856 992 id
877 940 966 1008 ipsum

105 1028 242 1081 quaeram,
261 1029 322 1066 cnm
339 1014 367 1067 in
386 1014 468 1068 rebus
487 1015 545 1068 veri
563 1015 601 1068 nil
620 1016 722 1069 viderit
740 1019 812 1082 ante,

106 1089 178 1142 unde
197 1090 265 1143 sciat
284 1089 351 1158 quid
369 1091 405 1144 sit
424 1091 493 1144 scire
510 1095 540 1144 et
558 1092 664 1145 nescire
682 1092 807 1158 vicissim,
930 1107 966 1145 475

106 1161 231 1220 notitiam
250 1167 308 1220 veri
326 1183 397 1236 quae
415 1184 460 1221 res
477 1167 593 1235 falsique
611 1169 712 1223 crearit

106 1246 135 1295 ct
153 1242 267 1295 dubium
285 1246 361 1297 certo
379 1260 449 1312 quae
468 1261 512 1298 res
531 1244 643 1298 differre
660 1244 793 1314 probarit.

105 1318 225 1372 invenies
244 1320 338 1388 primis
356 1320 391 1373 ab
410 1320 535 1374 sensibus
554 1337 614 1374 esse
632 1325 751 1375 creatam

101 1395 232 1468 notitiem
250 1397 308 1449 veri
325 1413 414 1465 neque
433 1414 528 1451 sensus
546 1413 626 1465 posse
644 1397 739 1450 refelli.

105 1488 168 1524 nam
186 1472 288 1526 nraiore
306 1473 361 1525 fide
380 1473 464 1526 debet
482 1473 628 1542 reperirier
646 1473 720 1541 illud,

105 1551 202 1616 sponte
220 1565 269 1602 sua
286 1549 358 1602 veris
377 1549 451 1616 quod
468 1549 555 1616 possit
573 1549 682 1602 vincere
699 1550 774 1604 falsa.

105 1624 173 1693 quid
191 1625 293 1680 maiore
311 1624 366 1678 nde
383 1641 464 1693 porro
483 1643 565 1694 quam
584 1642 679 1680 sensus
696 1626 792 1680 haberi

105 1699 205 1756 debeti
224 1717 258 1754 an
277 1701 312 1754 nb
331 1717 411 1754 sensu
429 1701 498 1755 falso
516 1703 585 1754 ratio
605 1705 665 1755 orta
683 1701 785 1756 vaiebit

106 1777 195 1831 dicere
214 1793 259 1831 eos
277 1780 379 1844 contra,
399 1793 468 1845 qnae
486 1780 546 1830 tota
564 1778 598 1831 ab
618 1778 742 1832 sensibus
761 1782 822 1832 orta
839 1780 898 1833 esti

105 1854 152 1922 qui
171 1854 222 1906 nisi
242 1858 306 1909 sunt
323 1854 387 1920 veri,
406 1854 477 1907 ratio
497 1871 606 1924 quoqne
624 1854 692 1908 falsa
709 1855 742 1908 fit
760 1855 855 1908 omnis.
928 1871 964 1910 sss

104 1945 140 1983 an
157 1933 289 1998 poterunt
306 1929 397 1983 oculos
416 1947 496 1984 aures
513 1930 724 1999 reprehendere,
743 1948 777 1985 an
796 1947 876 1985 aures

105 2008 212 2060 tactust
231 2022 265 2058 an
283 2006 356 2059 hunc
373 2022 454 2074 porro
472 2009 577 2060 tactum
596 2023 677 2077 sapor
695 2011 792 2075 arguet
810 2008 871 2074 oris,

105 2098 140 2134 an
157 2081 337 2136 confutabunt
355 2098 435 2135 nares
454 2083 557 2136 oculive
575 2085 730 2139 revincent?

107 2174 169 2225 non,
187 2161 219 2211 ut
237 2159 340 2227 opinor,
360 2159 400 2212 ita
417 2162 467 2213 est.
486 2176 548 2212 nam
568 2177 690 2215 seorsum
708 2161 808 2230 cuique
824 2164 948 2230 potestas

106 2234 228 2300 divisast,
246 2251 295 2288 sun
312 2235 352 2287 vis
371 2236 503 2302 cuiquest,
522 2235 640 2306 ideoque
658 2253 769 2290 necesse
786 2239 830 2291 cst
928 2252 964 2292 eso

105 2314 136 2366 et
152 2311 227 2380 quod
245 2311 327 2365 molle
345 2310 382 2364 sit
400 2315 429 2365 et
446 2312 567 2379 gelidum
585 2314 728 2368 fervensve
745 2329 871 2368 scorsum

106 2392 135 2442 et
153 2404 274 2442 seorsum
292 2387 381 2441 varios
400 2405 491 2441 rerum
511 2392 613 2444 sentire
631 2391 735 2445 colores

106 2468 136 2518 ot
154 2481 340 2534 quaecumque
359 2465 487 2518 coloribu'
505 2467 561 2520 sint
578 2468 722 2522 coniuncta
739 2467 841 2522 cidere.

106 2557 214 2594 seorsus
232 2541 299 2594 item
319 2558 398 2610 sapor
417 2542 471 2594 oris
488 2542 574 2597 habet
592 2544 653 2611 vim,
672 2561 779 2598 seorsus
797 2543 895 2598 odores

106 2622 260 2687 nascuntur,
279 2636 384 2673 sorsum
403 2618 515 2673 sonitus.
533 2620 651 2690 ideoque
668 2637 778 2676 neccsse
796 2625 839 2676 est
928 2635 963 2676 mr

105 2711 159 2747 non
178 2695 283 2763 possint
300 2695 366 2750 alios
384 2695 429 2748 alii
448 2697 606 2750 convincere
624 2715 727 2753 sensus,

107 2787 156 2824 nec
172 2788 255 2840 porro
272 2776 403 2842 poterunt
420 2772 472 2840 ipsi
491 2774 693 2840 reprehendere
711 2791 778 2843 sese,

107 2864 194 2915 acqua
212 2849 281 2904 fides
300 2850 428 2919 quoniam
447 2849 559 2904 debebit
578 2867 686 2919 semper
703 2851 806 2906 haberi.

107 2923 221 2989 proinde
240 2927 314 2994 quod
329 2928 357 2980 in
375 2929 510 2995 quoquest
524 2926 566 2980 bis
581 2927 668 2980 visum
686 2930 817 2996 tempore,
834 2929 963 2982 verumst

108 3002 137 3049 et
156 2998 178 3049 si
195 3015 249 3052 non
267 3004 370 3069 poterit
387 3003 458 3057 ratio
477 3003 625 3058 dissolvero
643 3021 759 3071 causam,
928 3018 964 3057 too

108 3087 156 3124 eur
174 3089 293 3142 eaquae
310 3078 412 3132 fuerint
429 3079 528 3133 iuxtim
547 3081 689 3150 quadrata,
708 3079 802 3150 procul
820 3079 877 3134 sint

108 3145 166 3199 visa
183 3151 308 3218 rutunda
326 3158 419 3207 tamen
436 3159 560 3223 praestat
578 3158 691 3210 rationis
709 3159 836 3224 egentem

109 3221 227 3278 reddere
246 3226 375 3283 mendose
392 3245 488 3286 carmes
505 3231 650 3302 utriusque
669 3233 780 3303 figurae,
