2234 3526
555 140 588 198 V

153 245 191 301 sic
210 246 296 315 igitur
313 249 373 301 tum
392 263 421 302 se
439 247 506 300 levis
523 263 555 300 ac
573 246 698 300 diffusilis
716 245 813 301 aether

152 339 267 390 corpore
285 326 412 376 concreto
430 323 615 376 circumdatus
633 322 754 390 undique
764 321 849 388 flacit

153 401 182 452 et
199 398 255 452 late
274 398 386 451 diffusus
404 398 432 451 in
451 399 537 452 omnis
555 399 676 467 undique
693 399 780 466 partis

152 475 242 527 omnia
260 475 299 527 sic
317 475 397 528 avido
415 475 559 543 complexu
578 479 670 529 cetera
688 475 796 543 saepsit.
968 489 1004 528 470

152 549 224 604 bunc
244 550 356 604 exordia
375 554 438 604 sunt
456 551 519 604 solis
537 551 670 620 lunaeque
689 553 789 617 secuta,

151 626 342 696 interutraque
360 626 434 694 globi
453 643 567 696 quorum
586 630 731 681 vertuntur
749 625 778 678 in
796 626 883 692 auris3

153 719 223 772 quac
240 719 329 772 neque
347 715 423 756 terra
441 703 493 755 sibi
510 702 626 756 adscivit
643 719 694 757 nec
712 703 846 756 maximus
864 704 966 771 aether,

153 779 227 847 quod
244 796 334 848 neque
351 783 409 832 tarn
426 780 538 832 fuerunt
556 780 649 848 gravia
666 780 846 847 ut·deprcssa
863 781 998 845 sederent,

151 871 202 909 nec
220 855 290 909 levia
308 859 339 909 ut
357 859 469 924 possent
486 872 536 923 per
554 872 672 909 summas
690 856 777 909 labier
795 872 864 922 oras,
968 871 1003 910 475

152 934 181 984 ct
199 935 291 984 tamen
309 932 499 999 interutraque
517 932 557 986 ita
575 935 639 986 sunt
656 935 688 986 ut
706 949 820 1000 corpora
834 921 899 986 'vira

152 1011 261 1061 versent
279 1010 308 1061 et
326 1011 419 1076 partes
437 1011 469 1060 ut
488 1009 582 1061 mundi
599 1008 685 1063 totius
704 1012 814 1074 extent3

152 1083 225 1152 quod
242 1101 329 1152 genus
346 1084 375 1136 in
393 1084 470 1138 nobis
489 1084 624 1152 quaedam
643 1085 709 1139 licet
726 1085 755 1137 in
773 1086 890 1139 statione

151 1159 274 1213 membra
291 1177 410 1236 manere,
427 1163 519 1213 tamen
538 1177 598 1214 curn
617 1161 671 1214 sint
689 1178 721 1214 ea
739 1178 810 1229 quae
828 1165 995 1216 moveantur.

151 1234 193 1288 his
210 1235 295 1302 igitur
312 1236 394 1289 rebus
412 1237 539 1290 retractis
557 1240 633 1290 terra
650 1240 772 1305 repente,
929 1248 930 1252 ’
966 1254 1001 1291 rso

151 1327 279 1364 maxuma
297 1328 352 1380 qua
369 1327 440 1365 nunc
458 1328 488 1364 se
506 1312 584 1380 ponti
602 1312 683 1380 plaga
701 1313 808 1366 caerula
825 1313 923 1381 tendit,

152 1388 268 1441 succidit
286 1392 315 1442 et
333 1388 402 1442 salso
422 1387 536 1442 suffudit
553 1389 664 1456 gurgite
682 1389 775 1443 fossas.

151 1463 233 1532 inque
252 1463 311 1517 dies
330 1467 432 1532 quanto
451 1464 554 1518 circum
572 1465 658 1532 magis
677 1465 798 1519 aetheris
815 1469 908 1520 aestus

151 1543 181 1594 et
198 1539 268 1593 radii
287 1539 351 1593 solis
370 1540 505 1608 cogebant
523 1539 645 1608 undique
663 1544 766 1594 terram

150 1615 310 1671 verberibus
327 1617 430 1670 crebris
448 1620 572 1670 extrema
589 1617 625 1670 ad
642 1617 786 1671 liminata
803 1622 903 1686 artum,
965 1632 1000 1672 ass

149 1692 179 1746 in
196 1693 288 1746 medio
306 1696 338 1747 ut
355 1693 484 1762 propulsa
502 1709 551 1746 suo
569 1693 706 1747 condensa
723 1694 816 1762 coiret,

150 1773 207 1824 tam
225 1770 311 1838 magis
329 1786 475 1838 expressus
494 1769 580 1822 salsus
598 1769 634 1823 de
652 1785 764 1838 corpore
782 1771 866 1825 sudor

150 1845 270 1914 augebat
286 1861 362 1899 mare
380 1845 516 1898 manando
533 1862 697 1914 camposque
715 1847 842 1915 natantis,

150 1925 179 1976 et
196 1925 275 1976 tanto
292 1921 381 1990 magis
398 1921 452 1974 illa
462 1921 535 1974 foras
554 1921 645 1976 elabsa
662 1921 791 1977 volabant

149 2014 261 2068 corpora
279 1998 366 2053 multa
383 1998 490 2066 vaporis
508 2003 538 2053 et
556 1998 626 2052 acris
644 1999 753 2068 altaque
771 2000 838 2054 caeli
908 2003 912 2012 '
966 2019 999 2057 nr

148 2073 300 2128 densebant
317 2074 410 2142 procul
428 2091 445 2128 a
462 2074 544 2128 terris
561 2074 694 2142 fulgentia
711 2075 820 2144 templa

149 2149 275 2203 sidebant
293 2151 388 2219 campi,
407 2151 567 2204 crescebant
585 2151 723 2204 montibus
742 2150 805 2204 altis

148 2242 290 2292 aseensus3
307 2241 397 2294 noque
415 2226 487 2280 enim
504 2229 634 2295 poterant
652 2225 793 2280 subsidere
812 2245 877 2284 saxa

148 2317 198 2354 nec
215 2302 320 2371 pariter
337 2301 499 2354 tantundem
518 2317 612 2354 omnes
631 2301 806 2356 succumbere
824 2306 918 2372 partis.

185 2377 230 2431 Sic
247 2376 332 2444 igitur
349 2379 441 2430 terrae
460 2380 585 2430 concreto
604 2393 717 2445 corpore
735 2377 840 2444 pondus
966 2395 1000 2434 ras

149 2451 272 2507 constitit
290 2457 375 2521 atque
394 2453 480 2506 omnis
498 2452 592 2505 mundi
611 2452 689 2520 quasi
708 2452 788 2506 limus
806 2454 934 2508 inimum

150 2529 282 2583 confluxit
298 2529 390 2598 gravis
408 2532 437 2582 et
456 2529 581 2582 subsedit
598 2528 722 2582 funditus
739 2533 771 2582 ut
788 2529 865 2595 faex;

149 2605 214 2658 inde
232 2622 308 2658 mare
327 2605 391 2659 inde
409 2622 457 2659 aer
474 2604 539 2666 inde
556 2604 653 2658 aether
671 2605 770 2672 ignifer
788 2606 846 2676 ipse

149 2680 306 2750 corporibus
323 2681 434 2751 liquidis
452 2684 516 2736 sunt
534 2682 624 2734 omnia
640 2698 710 2750 pura
728 2681 830 2750 relicta,

149 2761 179 2811 et
196 2757 298 2812 leviora
317 2759 377 2811 aliis
393 2757 453 2826 alia
474 2760 502 2811 et
519 2756 717 2826 liquidissimus
736 2758 832 2811 aether
965 2775 1001 2814 teo

148 2836 232 2902 atque
248 2833 400 2887 levissimus
413 2834 506 2900 ¹aerias
523 2849 605 2902 super
622 2833 713 2888 influit
730 2850 816 2901 auras,

148 2926 197 2963 nec
215 2909 348 2977 liquidrnn
366 2926 464 2978 corpus
482 2908 657 2963 turbantibus
675 2910 745 2962 acris
763 2911 836 2963 auris

113 3046 116 3052 ¹
149 2987 320 3051 cornmiscet;
338 2986 402 3046 sinit
419 2985 486 3040 haec
503 2985 629 3040 violentis
647 2985 738 3038 omnia
755 2986 825 3039 verti

148 3062 311 3127 turbinibus,
330 3062 394 3116 sinit
412 3062 524 3116 incertis
542 3062 655 3118 turbare
672 3062 804 3130 procellis,
912 3113 916 3122 ,

147 3137 207 3206 ipsc
226 3155 288 3192 suos
306 3138 376 3206 ignis
395 3141 470 3192 certo
487 3138 544 3193 fert
561 3139 665 3208 impete
683 3138 783 3192 labens.
963 3155 998 3196 toa

148 3229 211 3268 nam
228 3213 334 3268 modice
352 3214 437 3268 fluere
455 3217 540 3282 atque
557 3232 708 3283 unoposse
726 3214 839 3268 aethera
856 3215 917 3269 nisu
