2252 3530
368 538 395 592 Τ.
415 538 578 593 LUCRETI
600 539 694 594 CARI

208 708 288 782 nn
328 676 547 782 annon
587 707 853 806 Nnrpna

352 897 479 946 LIBER
501 897 705 956 QUARTUS.

474 1078 575 1107 ''⁴—

104 1234 189 1304 [Avia
207 1235 347 1290 Pieridum
366 1253 482 1305 peragro
499 1237 559 1289 loeo
576 1235 674 1289 nullius
692 1239 758 1291 ante

104 1313 171 1365 trita
189 1312 252 1366 solo.
270 1312 345 1366 iuvat
362 1313 483 1379 integros
501 1311 633 1365 accedere
652 1312 734 1366 fontis

104 1392 188 1457 atque
204 1388 320 1454 haurire,
338 1389 467 1456 iuvatque
483 1404 568 1440 novos
586 1387 734 1458 decerpere
753 1389 834 1442 flores

104 1465 292 1534 insignemque
310 1480 370 1518 ineo
389 1465 472 1534 capiti
491 1467 587 1533 petere
604 1463 669 1518 inde
687 1481 813 1518 eoronam

105 1541 178 1595 unde
196 1543 271 1611 prius
289 1541 355 1595 nulii
373 1541 489 1594 velarint
507 1543 631 1608 tempora
647 1557 759 1605 musao3

104 1617 222 1686 primurn
241 1617 315 1686 qnod
331 1617 437 1685 magnis
455 1616 540 1670 doceo
557 1616 593 1670 de
611 1616 693 1670 rebus
710 1621 739 1670 et
756 1618 824 1671 artis

104 1693 263 1762 religionum
282 1693 401 1746 animum
419 1691 498 1746 nodis
516 1692 656 1747 exsolvere
674 1710 765 1762 pergo,

104 1769 204 1823 deinde
222 1769 295 1839 quod
314 1769 429 1824 obseura
446 1769 482 1822 de
500 1787 530 1822 re
549 1773 605 1822 inm
624 1769 715 1824 lueida
732 1786 822 1839 pango

104 1846 230 1912 earmina,
249 1862 358 1899 rnusaeo
377 1846 536 1913 contingens
554 1850 652 1900 cuneta
670 1846 770 1916 lepore.

104 1921 133 1974 id
151 1939 257 1989 quoque
275 1922 347 1975 eninr
364 1938 417 1976 uon
436 1923 470 1976 ab
489 1921 563 1976 n'ulle
579 1922 685 1976 ratione
703 1923 820 1976 videtur.
932 1938 957 1978 le

103 2015 166 2052 narn
187 1998 269 2052 veluti
289 1991 380 2069 pneris
400 1998 536 2052 absinthia
553 2003 644 2052 taetra
662 1998 805 2053 medentes

104 2091 164 2129 eum
184 2076 250 2130 dare
268 2080 409 2142 conantur,
427 2075 503 2144 prins
521 2091 582 2129 oras
600 2075 697 2143 poeula
715 2075 817 2130 circum

104 2151 265 2219 contingunt
282 2153 370 2206 mellis
389 2153 462 2206 <irrisi
481 2151 604 2220 flavoque
622 2151 734 2220 liquore,

103 2230 136 2281 ut
153 2244 299 2296 puerorum
317 2234 393 2282 aetas
412 2229 554 2298 inprovida
571 2227 729 2282 ludificetur

103 2303 241 2358 labrorum
259 2308 347 2372 tenus,
367 2305 474 2358 intereo
491 2307 620 2375 perpotet
639 2321 761 2357 ansarum
933 2319 956 2358 15

104 2380 223 2434 absinthi
240 2381 350 2435 laticem
370 2381 542 2451 deceptaque
559 2397 612 2433 non
632 2381 762 2450 capiatur,
928 2378 930 2382 ’

105 2457 154 2510 sed
171 2457 264 2526 potius
282 2457 330 2510 tali
347 2461 429 2527 paeto
448 2462 573 2511 recreata
591 2457 717 2521 valescat

104 2533 141 2586 sio
160 2550 210 2601 ego
228 2550 307 2600 nune,
326 2535 452 2602 quoniam
470 2533 537 2587 haee
555 2533 626 2586 ratio
644 2533 806 2603 plerumque
824 2534 933 2588 videtur
967 2588 970 2596 ,

103 2610 210 2663 tristior
228 2627 288 2664 esse
305 2611 404 2678 quibus
421 2627 475 2662 non
494 2613 537 2662 est
555 2612 682 2677 tractata,
700 2614 830 2678 retroque

104 2686 200 2754 volgus
219 2686 348 2739 abhorret
365 2685 400 2739 ab
418 2685 476 2752 heo,
494 2685 567 2738 volui
584 2685 636 2739 tibi
655 2685 854 2754 suaviloquenti
932 2701 957 2741 eo

104 2763 223 2816 carmine
243 2763 332 2816 Pierio
350 2763 483 2816 rationem
501 2777 639 2830 exponere
656 2764 778 2815 nostram

64 2873 67 2878 -
104 2841 133 2892 et
152 2839 230 2906 quasi
248 2855 358 2892 musaeo
377 2839 450 2892 dulei
468 2838 627 2905 contingere
645 2837 734 2906 melle,

21 2981 28 2985 μ
104 2915 126 2967 si
144 2914 195 2967 tibi
212 2915 284 2968 forte
303 2915 421 2968 animum
439 2915 488 2968 tali
506 2913 612 2968 ratione
629 2917 726 2968 tenere

104 2990 227 3043 versibus
245 2991 272 3042 in
290 2992 391 3044 nostris
409 3007 526 3061 possein,
544 2990 610 3043 durn
627 2992 747 3061 percipis
765 3007 871 3045 ornnem

103 3069 229 3118 naturam
247 3083 338 3119 rerum
357 3083 388 3121 ao
407 3067 543 3136 persentis
560 3067 727 3138 utilitatem]
933 3083 957 3120 25

142 3142 236 3209 Atque
254 3142 336 3194 anirni
354 3144 480 3210 quonian]
501 3143 580 3196 doeui
597 3147 695 3196 natura
714 3143 779 3212 qnid
799 3148 873 3198 osset

103 3219 134 3270 et
150 3215 249 3285 qaribus
267 3233 282 3268 o
300 3217 382 3270 rebus
400 3235 461 3272 euni
481 3235 593 3287 corpore
612 3227 722 3289 compta
740 3219 845 3288 vigeret
