2252 3530
572 144 642 200 IIll
971 146 1026 204 107

173 253 288 316 propter
305 246 434 300 subtilem
453 249 579 300 naturam
599 251 628 300 et
647 247 737 300 tenvia
755 252 839 302 texta.

173 326 267 377 cetera
285 323 320 375 de
338 339 439 390 genere
457 321 508 377 hoc
527 322 623 375 endem
642 324 748 378 ratione
767 329 902 378 creentur.

173 417 244 468 quae
262 417 324 454 cum
342 398 481 452 mobiliter
499 415 604 452 summa
621 399 732 454 levitate
749 401 882 466 feruntur,
993 414 1028 454 745

173 480 205 528 ut
223 477 298 545 prius
318 475 431 538 ostendi,
451 475 529 528 facile
548 492 602 529 uno
621 481 773 532 commovet
791 477 848 531 ictu

173 552 313 621 quaelibet
331 568 385 604 una
403 552 521 604 animum
540 552 618 605 nobis
637 553 744 606 subtilis
763 555 867 621 imago;

172 629 262 681 tenvis
281 628 353 681 euim
371 644 448 680 mens
467 631 510 681 cst
528 634 557 682 ct
576 629 644 682 mire
662 629 768 682 mobilis
785 631 852 698 ipsa.

209 705 285 758 Haec
298 704 357 757 fieri
370 707 402 757 ut
413 721 543 772 memoro,
555 705 635 758 facile
647 706 710 760 hinc
723 722 886 773 cognoscere
898 706 993 775 possis.

173 785 308 850 quatenus
325 780 376 835 hoc
395 780 482 834 simile
501 785 545 836 est
563 782 610 848 illi,
628 782 702 850 quod
720 786 812 836 mente
831 783 955 835 ridemus
990 797 1026 836 rso

173 861 256 926 atquc
274 858 367 925 oculis,
386 857 466 910 simili
485 859 544 913 fiori
562 859 669 912 ratione
687 876 799 912 neccsse
817 864 867 913 cst.

173 950 244 988 nunc
261 935 345 1002 igitur
363 934 490 1004 quoniam
509 935 590 990 docui
609 952 653 989 me
671 935 743 988 forte
761 935 866 988 leonem

172 1027 284 1064 cernere
302 1027 353 1079 per
371 1011 522 1080 simulacra,
540 1012 632 1065 oculos
651 1028 839 1080 quaecumque
857 1012 1002 1075 lacessunt,

172 1087 242 1140 scire
260 1087 323 1140 licct
341 1090 461 1140 mentem
480 1088 560 1142 simili
578 1087 685 1141 ratione
704 1089 815 1153 moveri,

171 1180 222 1232 per
240 1163 384 1216 simulacra
401 1163 506 1218 leonem
526 1167 556 1217 et
574 1168 666 1217 cetera
684 1181 753 1232 quae
772 1165 849 1218 videt
867 1181 953 1232 uetprc
989 1179 1025 1217 rs5

171 1256 221 1294 nec
239 1241 328 1292 minus
346 1243 430 1306 atque
448 1241 525 1308 oculi,
543 1242 594 1293 nisi
612 1241 686 1309 quod
704 1258 783 1308 mage
801 1241 892 1294 ternis
910 1241 1005 1292 cernit.

172 1333 221 1370 uec
239 1315 344 1369 ratione
363 1316 422 1381 alia,
440 1333 501 1369 cum
520 1334 630 1370 somnus
648 1317 771 1370 membra
789 1316 920 1385 proludit,

171 1409 247 1459 mens
265 1393 348 1445 animi
365 1393 467 1460 vigilat,
486 1394 537 1446 nisi
556 1393 630 1462 quod
649 1393 791 1446 simulacra
810 1393 946 1446 lacessunt

171 1468 238 1522 haec
257 1468 353 1522 cadem
371 1471 480 1522 nostros
498 1471 602 1524 animos
620 1486 691 1537 quae
710 1486 769 1522 cum
790 1469 939 1536 vigilamus,

170 1545 345 1613 usqueadeo,
358 1549 433 1598 certe
447 1551 478 1599 ut
491 1545 634 1600 videamur
645 1561 757 1600 cernere
770 1562 832 1598 euin
846 1561 927 1613 quem
988 1559 1024 1598 roo

170 1621 276 1675 rellicta
294 1621 350 1675 vita
367 1621 421 1674 ianr
440 1639 513 1675 mors
531 1628 561 1676 ct
579 1626 655 1676 terra
673 1623 794 1690 potitust.

170 1697 221 1751 hoe
239 1697 300 1750 ideo
320 1698 378 1750 fieri
398 1698 471 1765 cogit
488 1704 595 1767 natura,
614 1699 688 1767 quod
707 1715 800 1751 ornnes

170 1774 291 1842 corporis
309 1773 398 1827 offecti
418 1791 512 1828 sensus
529 1792 579 1844 per
598 1776 719 1828 membra
738 1775 881 1842 quiescunt

169 1867 220 1904 nec
239 1854 352 1918 possunt
370 1851 467 1904 lalsmu
485 1853 556 1905 veris
574 1852 733 1906 convincere
751 1851 840 1903 rebus.

168 1932 312 1995 praetcrea
330 1928 484 1982 meminisse
501 1928 572 1982 iacet
590 1929 755 1996 languetque
775 1944 871 1995 sopore
987 1941 1023 1980 ru·

170 2020 218 2057 nec
238 2004 366 2057 dissentit
385 2021 447 2058 cum
465 2005 561 2058 mortis
580 2005 682 2073 lotique
700 2005 817 2072 potitum

168 2079 222 2133 iam
240 2081 357 2149 pridem,
376 2097 457 2149 quem
476 2098 552 2134 mens
570 2081 659 2134 rivom
679 2096 838 2134 secernere
857 2078 953 2132 credit.

168 2156 242 2224 quod
260 2160 393 2226 superest,
410 2173 464 2209 non
483 2162 526 2210 est
543 2158 643 2210 mirum
661 2158 805 2211 simulacra
822 2155 926 2208 moveri

168 2233 350 2301 bracchiaque
368 2234 395 2285 in
414 2249 556 2286 numerum
575 2235 678 2287 iactare
697 2237 725 2286 et
744 2237 836 2286 cetera
854 2231 983 2284 membra.

168 2325 231 2361 nam
251 2309 282 2361 sn
300 2309 376 2362 utin
396 2309 496 2361 somnis
513 2308 604 2362 facere
622 2309 673 2362 lroc
692 2309 818 2361 videatur
836 2309 940 2373 inreg03
986 2322 1021 2360 πο

167 2387 269 2454 qnippe
287 2385 333 2437 ubi
352 2385 440 2452 prima
457 2385 531 2452 perit
548 2385 655 2452 alioque
673 2389 716 2437 est
733 2385 820 2436 altera
839 2387 904 2434 nata

168 2462 232 2514 inde
250 2467 332 2527 statu,
350 2461 425 2529 prior
441 2461 485 2514 nic
502 2464 611 2528 gestum
630 2464 750 2513 mutasse
767 2460 884 2512 videtur.

168 2538 272 2592 scilicet
290 2537 319 2590 iu
337 2537 395 2590 ficri
414 2537 495 2590 celeri
514 2537 619 2590 ratione
638 2536 830 2604 putandumst:

168 2617 247 2668 tanta
265 2618 308 2669 cst
326 2614 462 2668 mobilitas
481 2617 510 2668 et
527 2630 619 2666 rerum
639 2613 716 2682 copia
733 2616 811 2666 tanta

167 2695 300 2760 tantaque
319 2692 440 2745 sensibili
459 2692 554 2760 quovis
573 2694 616 2744 est
635 2695 760 2759 temporo
781 2688 808 2739 in
827 2703 880 2740 uno
984 2699 1020 2740 775

167 2768 244 2836 copia
262 2769 466 2837 particularum,
484 2770 516 2821 ut
534 2767 620 2836 possit
639 2765 824 2836 suppeditare.
926 2771 927 2775 ’

202 2843 356 2913 [Multaque
373 2845 400 2897 in
418 2844 461 2896 his
480 2844 562 2897 robus
581 2849 749 2912 quaeruntur
766 2839 908 2905 multaque
925 2838 1004 2892 nobis

166 2920 359 2988 clarandumst,
377 2921 457 2988 plane
476 2920 497 2972 si
516 2936 560 2972 res
578 2936 714 2986 exponere
732 2933 849 2970 :iromus

166 2992 307 3064 quaeritur
324 2997 351 3049 in
370 2997 464 3066 primis
482 3013 575 3064 quare,
594 2995 667 3064 quod
684 2996 782 3062 cuique
801 2993 885 3045 libido

166 3074 279 3138 venerit,
299 3073 436 3141 extemplo
454 3089 530 3126 inens
550 3074 653 3140 cogitet
671 3073 729 3125 cius
747 3070 777 3123 id
794 3070 890 3137 ipsum.
981 3082 1017 3123 rso

166 3165 236 3202 anne
254 3149 422 3203 voluntatem
439 3153 560 3202 nostram
580 3149 722 3202 simulacra
740 3151 854 3202 tuentur

166 3228 196 3279 ct
215 3225 292 3278 simul
312 3242 343 3277 ac
361 3225 484 3278 volumus
503 3226 580 3277 nobis
599 3225 719 3277 occurrit
736 3223 831 3289 imago,
