<?xml version="1.0" encoding="UTF-8"?>
<!DOCTYPE html PUBLIC "-//W3C//DTD XHTML 1.0 Transitional//EN"
    "http://www.w3.org/TR/xhtml1/DTD/xhtml1-transitional.dtd">
<html xmlns="http://www.w3.org/1999/xhtml" xml:lang="en" lang="en">
 <head>
  <title>
</title>
<meta http-equiv="Content-Type" content="text/html;charset=utf-8" />
  <meta name='ocr-system' content='tesseract 3.04.00' />
  <meta name='ocr-capabilities' content='ocr_page ocr_carea ocr_par ocr_line ocrx_word'/>
</head>
<body>
  <div class='ocr_page' id='page_1' title='image "./tlucreticarider11carugoog_0226.png"; bbox 0 0 2234 3526; ppageno 0'>
   <div class='ocr_carea' id='block_1_1' title="bbox 143 131 591 198">
    <p class='ocr_par' dir='ltr' id='par_1_1' title="bbox 143 131 591 198">
     <span class='ocr_line' id='line_1_1' title="bbox 143 131 591 198; baseline -0.004 0"><span class='ocrx_word' id='word_1_1' title='bbox 143 139 199 198; x_wconf 81' lang='lat'><strong>180</strong></span> <span class='ocrx_word' id='word_1_2' title='bbox 543 131 591 188; x_wconf 84' lang='lat' dir='ltr'><strong>Vl</strong></span> 
     </span>
    </p>
   </div>
   <div class='ocr_carea' id='block_1_2' title="bbox 118 239 1049 2836">
    <p class='ocr_par' dir='ltr' id='par_1_2' title="bbox 138 239 989 1382">
     <span class='ocr_line' id='line_1_2' title="bbox 139 239 987 314; baseline -0.012 -14"><span class='ocrx_word' id='word_1_3' title='bbox 139 243 277 314; x_wconf 87' lang='lat' dir='ltr'><strong>extemplo</strong></span> <span class='ocrx_word' id='word_1_4' title='bbox 293 242 402 312; x_wconf 89' lang='lat' dir='ltr'><strong>penitus</strong></span> <span class='ocrx_word' id='word_1_5' title='bbox 420 240 542 308; x_wconf 75' lang='lat' dir='ltr'><strong>frigescit</strong></span> <span class='ocrx_word' id='word_1_6' title='bbox 559 242 634 294; x_wconf 87' lang='lat' dir='ltr'><strong>terra</strong></span> <span class='ocrx_word' id='word_1_7' title='bbox 651 239 766 306; x_wconf 89' lang='lat' dir='ltr'><strong>coitque.</strong></span> <span class='ocrx_word' id='word_1_8' title='bbox 950 249 987 290; x_wconf 77' lang='lat' dir='ltr'><strong>soe</strong></span> 
     </span>
     <span class='ocr_line' id='line_1_3' title="bbox 139 313 910 386; baseline -0.012 -10"><span class='ocrx_word' id='word_1_9' title='bbox 139 323 191 376; x_wconf 87' lang='lat' dir='ltr'><strong>hac</strong></span> <span class='ocrx_word' id='word_1_10' title='bbox 207 320 314 375; x_wconf 91' lang='lat' dir='ltr'><strong>ratione</strong></span> <span class='ocrx_word' id='word_1_11' title='bbox 331 319 364 373; x_wconf 90' lang='lat' dir='ltr'><strong>fit</strong></span> <span class='ocrx_word' id='word_1_12' title='bbox 380 323 420 386; x_wconf 88' lang='lat' dir='ltr'><strong>ut,</strong></span> <span class='ocrx_word' id='word_1_13' title='bbox 437 321 577 386; x_wconf 77' lang='lat' dir='ltr'><strong>tamquam</strong></span> <span class='ocrx_word' id='word_1_14' title='bbox 595 331 751 384; x_wconf 88' lang='lat' dir='ltr'><strong>compressa</strong></span> <span class='ocrx_word' id='word_1_15' title='bbox 767 331 849 368; x_wconf 88' lang='lat' dir='ltr'><strong>manu</strong></span> <span class='ocrx_word' id='word_1_16' title='bbox 867 313 910 382; x_wconf 83' lang='lat' dir='ltr'><strong>sit,</strong></span> 
     </span>
     <span class='ocr_line' id='line_1_4' title="bbox 140 391 936 468; baseline -0.013 -15"><span class='ocrx_word' id='word_1_17' title='bbox 140 399 276 468; x_wconf 76' lang='lat' dir='ltr'><strong>exprimat</strong></span> <span class='ocrx_word' id='word_1_18' title='bbox 287 397 315 449; x_wconf 90' lang='lat' dir='ltr'><strong>in</strong></span> <span class='ocrx_word' id='word_1_19' title='bbox 327 396 430 449; x_wconf 87' lang='lat' dir='ltr'><strong>fontem</strong></span> <span class='ocrx_word' id='word_1_20' title='bbox 440 409 509 464; x_wconf 89' lang='lat' dir='ltr'><strong>quae</strong></span> <span class='ocrx_word' id='word_1_21' title='bbox 522 392 624 446; x_wconf 88' lang='lat' dir='ltr'><strong>semina</strong></span> <span class='ocrx_word' id='word_1_22' title='bbox 637 409 752 460; x_wconf 91' lang='lat' dir='ltr'><strong>cumque</strong></span> <span class='ocrx_word' id='word_1_23' title='bbox 764 391 849 446; x_wconf 87' lang='lat' dir='ltr'><strong>habet</strong></span> <span class='ocrx_word' id='word_1_24' title='bbox 858 391 936 460; x_wconf 88' lang='lat' dir='ltr'><strong>ignis,</strong></span> 
     </span>
     <span class='ocr_line' id='line_1_5' title="bbox 139 470 939 544; baseline -0.009 -16"><span class='ocrx_word' id='word_1_25' title='bbox 139 491 208 544; x_wconf 85' lang='lat' dir='ltr'><strong>quae</strong></span> <span class='ocrx_word' id='word_1_26' title='bbox 226 471 342 526; x_wconf 87' lang='lat' dir='ltr'><strong>calidum</strong></span> <span class='ocrx_word' id='word_1_27' title='bbox 360 470 463 524; x_wconf 85' lang='lat' dir='ltr'><strong>iaciunt</strong></span> <span class='ocrx_word' id='word_1_28' title='bbox 480 473 568 538; x_wconf 84' lang='lat' dir='ltr'><strong>aqiiae</strong></span> <span class='ocrx_word' id='word_1_29' title='bbox 585 472 689 523; x_wconf 89' lang='lat' dir='ltr'><strong>tactum</strong></span> <span class='ocrx_word' id='word_1_30' title='bbox 707 473 790 538; x_wconf 89' lang='lat' dir='ltr'><strong>atque</strong></span> <span class='ocrx_word' id='word_1_31' title='bbox 808 485 939 539; x_wconf 85' lang='lat' dir='ltr'><strong>saporem.</strong></span> 
     </span>
     <span class='ocr_line' id='line_1_6' title="bbox 138 545 809 604; baseline -0.003 -2"><span class='ocrx_word' id='word_1_32' title='bbox 138 551 203 604; x_wconf 89' lang='lat' dir='ltr'><strong>inde</strong></span> <span class='ocrx_word' id='word_1_33' title='bbox 220 549 267 602; x_wconf 91' lang='lat' dir='ltr'><strong>ubi</strong></span> <span class='ocrx_word' id='word_1_34' title='bbox 286 548 326 602; x_wconf 91' lang='lat' dir='ltr'><strong>sol</strong></span> <span class='ocrx_word' id='word_1_35' title='bbox 344 547 427 600; x_wconf 87' lang='lat' dir='ltr'><strong>radiis</strong></span> <span class='ocrx_word' id='word_1_36' title='bbox 445 551 548 600; x_wconf 83' lang='lat' dir='ltr'><strong>terram</strong></span> <span class='ocrx_word' id='word_1_37' title='bbox 567 545 681 600; x_wconf 89' lang='lat' dir='ltr'><strong>dimovit</strong></span> <span class='ocrx_word' id='word_1_38' title='bbox 698 546 809 600; x_wconf 87' lang='lat' dir='ltr'><strong>obortus</strong></span> 
     </span>
     <span class='ocr_line' id='line_1_7' title="bbox 141 623 988 692; baseline -0.007 -12"><span class='ocrx_word' id='word_1_39' title='bbox 141 630 170 680; x_wconf 92' lang='lat' dir='ltr'><strong>ct</strong></span> <span class='ocrx_word' id='word_1_40' title='bbox 187 625 315 678; x_wconf 83' lang='lat' dir='ltr'><strong>rarefeeit</strong></span> <span class='ocrx_word' id='word_1_41' title='bbox 333 623 421 678; x_wconf 87' lang='lat' dir='ltr'><strong>calido</strong></span> <span class='ocrx_word' id='word_1_42' title='bbox 439 623 571 692; x_wconf 75' lang='lat' dir='ltr'><strong>gliscente</strong></span> <span class='ocrx_word' id='word_1_43' title='bbox 588 638 696 692; x_wconf 86' lang='lat' dir='ltr'><strong>vapore,</strong></span> <span class='ocrx_word' id='word_1_44' title='bbox 951 636 988 676; x_wconf 68' lang='lat' dir='ltr'><strong>oro</strong></span> 
     </span>
     <span class='ocr_line' id='line_1_8' title="bbox 139 698 820 768; baseline -0.003 -12"><span class='ocrx_word' id='word_1_45' title='bbox 139 718 232 756; x_wconf 87' lang='lat' dir='ltr'><strong>rursus</strong></span> <span class='ocrx_word' id='word_1_46' title='bbox 250 702 278 754; x_wconf 92' lang='lat' dir='ltr'><strong>in</strong></span> <span class='ocrx_word' id='word_1_47' title='bbox 296 702 420 768; x_wconf 88' lang='lat' dir='ltr'><strong>antiquas</strong></span> <span class='ocrx_word' id='word_1_48' title='bbox 438 701 556 754; x_wconf 89' lang='lat' dir='ltr'><strong>redeunt</strong></span> <span class='ocrx_word' id='word_1_49' title='bbox 573 698 723 768; x_wconf 83' lang='lat' dir='ltr'><strong>primordia</strong></span> <span class='ocrx_word' id='word_1_50' title='bbox 740 699 820 754; x_wconf 89' lang='lat' dir='ltr'><strong>sedes</strong></span> 
     </span>
     <span class='ocr_line' id='line_1_9' title="bbox 139 775 814 846; baseline -0.004 -14"><span class='ocrx_word' id='word_1_51' title='bbox 139 779 210 846; x_wconf 85' lang='lat' dir='ltr'><strong>ignis</strong></span> <span class='ocrx_word' id='word_1_52' title='bbox 227 782 256 833; x_wconf 89' lang='lat' dir='ltr'><strong>et</strong></span> <span class='ocrx_word' id='word_1_53' title='bbox 274 778 303 831; x_wconf 90' lang='lat' dir='ltr'><strong>in</strong></span> <span class='ocrx_word' id='word_1_54' title='bbox 320 781 423 831; x_wconf 85' lang='lat' dir='ltr'><strong>terram</strong></span> <span class='ocrx_word' id='word_1_55' title='bbox 441 776 516 831; x_wconf 89' lang='lat' dir='ltr'><strong>cedit</strong></span> <span class='ocrx_word' id='word_1_56' title='bbox 533 776 606 830; x_wconf 88' lang='lat' dir='ltr'><strong>calor</strong></span> <span class='ocrx_word' id='word_1_57' title='bbox 623 775 710 828; x_wconf 90' lang='lat' dir='ltr'><strong>omnis</strong></span> <span class='ocrx_word' id='word_1_58' title='bbox 728 777 814 844; x_wconf 91' lang='lat' dir='ltr'><strong>aquai.</strong></span> 
     </span>
     <span class='ocr_line' id='line_1_10' title="bbox 139 852 842 924; baseline -0.006 -16"><span class='ocrx_word' id='word_1_59' title='bbox 139 855 253 924; x_wconf 83' lang='lat' dir='ltr'><strong>frigidus</strong></span> <span class='ocrx_word' id='word_1_60' title='bbox 270 854 339 908; x_wconf 89' lang='lat' dir='ltr'><strong>hanc</strong></span> <span class='ocrx_word' id='word_1_61' title='bbox 358 854 393 907; x_wconf 92' lang='lat' dir='ltr'><strong>ob</strong></span> <span class='ocrx_word' id='word_1_62' title='bbox 411 870 469 907; x_wconf 84' lang='lat' dir='ltr'><strong>rem</strong></span> <span class='ocrx_word' id='word_1_63' title='bbox 487 853 520 906; x_wconf 81' lang='lat' dir='ltr'><strong>iit</strong></span> <span class='ocrx_word' id='word_1_64' title='bbox 537 853 596 906; x_wconf 88' lang='lat' dir='ltr'><strong>fons</strong></span> <span class='ocrx_word' id='word_1_65' title='bbox 614 852 642 905; x_wconf 92' lang='lat' dir='ltr'><strong>in</strong></span> <span class='ocrx_word' id='word_1_66' title='bbox 659 852 719 906; x_wconf 89' lang='lat' dir='ltr'><strong>luce</strong></span> <span class='ocrx_word' id='word_1_67' title='bbox 738 853 842 906; x_wconf 86' lang='lat' dir='ltr'><strong>diurna.</strong></span> 
     </span>
     <span class='ocr_line' id='line_1_11' title="bbox 139 929 948 1001; baseline -0.002 -17"><span class='ocrx_word' id='word_1_68' title='bbox 139 934 284 1001; x_wconf 89' lang='lat' dir='ltr'><strong>praeterea</strong></span> <span class='ocrx_word' id='word_1_69' title='bbox 302 930 365 984; x_wconf 87' lang='lat' dir='ltr'><strong>solis</strong></span> <span class='ocrx_word' id='word_1_70' title='bbox 382 930 467 984; x_wconf 90' lang='lat' dir='ltr'><strong>radiis</strong></span> <span class='ocrx_word' id='word_1_71' title='bbox 484 931 601 984; x_wconf 87' lang='lat' dir='ltr'><strong>iactatur</strong></span> <span class='ocrx_word' id='word_1_72' title='bbox 619 929 699 998; x_wconf 88' lang='lat' dir='ltr'><strong>aquai</strong></span> <span class='ocrx_word' id='word_1_73' title='bbox 947 995 948 1000; x_wconf 7' lang='grc' dir='ltr'>ἵ</span> 
     </span>
     <span class='ocr_line' id='line_1_12' title="bbox 139 1005 989 1072; baseline -0.004 -11"><span class='ocrx_word' id='word_1_74' title='bbox 139 1024 218 1061; x_wconf 92' lang='lat' dir='ltr'><strong>umor</strong></span> <span class='ocrx_word' id='word_1_75' title='bbox 236 1010 265 1061; x_wconf 91' lang='lat' dir='ltr'><strong>et</strong></span> <span class='ocrx_word' id='word_1_76' title='bbox 282 1006 311 1059; x_wconf 91' lang='lat' dir='ltr'><strong>in</strong></span> <span class='ocrx_word' id='word_1_77' title='bbox 329 1006 416 1060; x_wconf 90' lang='lat' dir='ltr'><strong>lucem</strong></span> <span class='ocrx_word' id='word_1_78' title='bbox 434 1005 552 1060; x_wconf 91' lang='lat' dir='ltr'><strong>tremulo</strong></span> <span class='ocrx_word' id='word_1_79' title='bbox 570 1005 685 1059; x_wconf 78' lang='lat' dir='ltr'><strong>rarescit</strong></span> <span class='ocrx_word' id='word_1_80' title='bbox 702 1005 737 1058; x_wconf 89' lang='lat' dir='ltr'><strong>ab</strong></span> <span class='ocrx_word' id='word_1_81' title='bbox 755 1009 848 1072; x_wconf 89' lang='lat' dir='ltr'><strong>aestu;</strong></span> <span class='ocrx_word' id='word_1_82' title='bbox 951 1019 989 1061; x_wconf 76' lang='lat' dir='ltr'><strong>ers</strong></span> 
     </span>
     <span class='ocr_line' id='line_1_13' title="bbox 139 1077 974 1154; baseline -0.001 -17"><span class='ocrx_word' id='word_1_83' title='bbox 139 1087 286 1154; x_wconf 87' lang='lat' dir='ltr'><strong>propterea</strong></span> <span class='ocrx_word' id='word_1_84' title='bbox 303 1083 335 1137; x_wconf 86' lang='lat' dir='ltr'><strong>lit</strong></span> <span class='ocrx_word' id='word_1_85' title='bbox 352 1083 394 1136; x_wconf 90' lang='lat' dir='ltr'><strong>uti</strong></span> <span class='ocrx_word' id='word_1_86' title='bbox 412 1099 482 1152; x_wconf 86' lang='lat' dir='ltr'><strong>quae</strong></span> <span class='ocrx_word' id='word_1_87' title='bbox 500 1083 603 1136; x_wconf 87' lang='lat' dir='ltr'><strong>semina</strong></span> <span class='ocrx_word' id='word_1_88' title='bbox 620 1099 735 1151; x_wconf 90' lang='lat' dir='ltr'><strong>cumque</strong></span> <span class='ocrx_word' id='word_1_89' title='bbox 752 1083 835 1137; x_wconf 89' lang='lat' dir='ltr'><strong>habet</strong></span> <span class='ocrx_word' id='word_1_90' title='bbox 850 1083 922 1151; x_wconf 86' lang='lat' dir='ltr'><strong>ignia</strong></span> <span class='ocrx_word' id='word_1_91' title='bbox 972 1077 974 1080; x_wconf 65' lang='grc'><strong>’</strong></span> 
     </span>
     <span class='ocr_line' id='line_1_14' title="bbox 140 1157 917 1228; baseline -0.001 -15"><span class='ocrx_word' id='word_1_92' title='bbox 140 1160 277 1224; x_wconf 82' lang='lat' dir='ltr'><strong>dimittat3</strong></span> <span class='ocrx_word' id='word_1_93' title='bbox 295 1159 372 1228; x_wconf 85' lang='lat' dir='ltr'><strong>quasi</strong></span> <span class='ocrx_word' id='word_1_94' title='bbox 390 1175 471 1228; x_wconf 82' lang='lat' dir='ltr'><strong>saepe</strong></span> <span class='ocrx_word' id='word_1_95' title='bbox 488 1158 587 1228; x_wconf 85' lang='lat' dir='ltr'><strong>gelum,</strong></span> <span class='ocrx_word' id='word_1_96' title='bbox 604 1157 678 1228; x_wconf 89' lang='lat' dir='ltr'><strong>quod</strong></span> <span class='ocrx_word' id='word_1_97' title='bbox 696 1161 818 1214; x_wconf 90' lang='lat' dir='ltr'><strong>continet</strong></span> <span class='ocrx_word' id='word_1_98' title='bbox 833 1160 862 1212; x_wconf 92' lang='lat' dir='ltr'><strong>in</strong></span> <span class='ocrx_word' id='word_1_99' title='bbox 880 1176 917 1227; x_wconf 78' lang='lat' dir='ltr'><strong>se,</strong></span> 
     </span>
     <span class='ocr_line' id='line_1_15' title="bbox 140 1231 972 1304; baseline 0 -15"><span class='ocrx_word' id='word_1_100' title='bbox 140 1236 227 1290; x_wconf 89' lang='lat' dir='ltr'><strong>mittit</strong></span> <span class='ocrx_word' id='word_1_101' title='bbox 244 1240 273 1290; x_wconf 86' lang='lat' dir='ltr'><strong>et</strong></span> <span class='ocrx_word' id='word_1_102' title='bbox 290 1235 393 1289; x_wconf 83' lang='lat' dir='ltr'><strong>exolvit</strong></span> <span class='ocrx_word' id='word_1_103' title='bbox 411 1234 525 1304; x_wconf 81' lang='lat' dir='ltr'><strong>glaciem</strong></span> <span class='ocrx_word' id='word_1_104' title='bbox 543 1231 682 1304; x_wconf 88' lang='lat' dir='ltr'><strong>nodosque</strong></span> <span class='ocrx_word' id='word_1_105' title='bbox 699 1236 812 1290; x_wconf 84' lang='lat' dir='ltr'><strong>relaxat.</strong></span> <span class='ocrx_word' id='word_1_106' title='bbox 970 1291 972 1298; x_wconf 68' lang='grc'>,</span> 
     </span>
     <span class='ocr_line' id='line_1_16' title="bbox 175 1312 941 1382; baseline 0 -16"><span class='ocrx_word' id='word_1_107' title='bbox 175 1312 304 1381; x_wconf 81' lang='lat' dir='ltr'><strong>Frigidus</strong></span> <span class='ocrx_word' id='word_1_108' title='bbox 321 1314 364 1366; x_wconf 89' lang='lat' dir='ltr'><strong>est</strong></span> <span class='ocrx_word' id='word_1_109' title='bbox 382 1313 465 1367; x_wconf 87' lang='lat' dir='ltr'><strong>etiam</strong></span> <span class='ocrx_word' id='word_1_110' title='bbox 482 1312 550 1380; x_wconf 80' lang='lat' dir='ltr'><strong>fons,</strong></span> <span class='ocrx_word' id='word_1_111' title='bbox 568 1328 651 1382; x_wconf 86' lang='lat' dir='ltr'><strong>supra</strong></span> <span class='ocrx_word' id='word_1_112' title='bbox 667 1329 749 1382; x_wconf 89' lang='lat' dir='ltr'><strong>quem</strong></span> <span class='ocrx_word' id='word_1_113' title='bbox 767 1313 820 1366; x_wconf 88' lang='lat' dir='ltr'><strong>sita</strong></span> <span class='ocrx_word' id='word_1_114' title='bbox 837 1329 919 1382; x_wconf 83' lang='lat' dir='ltr'><strong>saepe</strong></span> <span class='ocrx_word' id='word_1_115' title='bbox 939 1351 941 1358; x_wconf 75' lang='grc'>.</span> 
     </span>
    </p>

    <p class='ocr_par' dir='ltr' id='par_1_3' title="bbox 140 1389 989 1992">
     <span class='ocr_line' id='line_1_17' title="bbox 140 1389 989 1459; baseline -0.001 -17"><span class='ocrx_word' id='word_1_116' title='bbox 140 1392 240 1459; x_wconf 77' lang='lat' dir='ltr'><strong>stuppa</strong></span> <span class='ocrx_word' id='word_1_117' title='bbox 257 1389 323 1443; x_wconf 91' lang='lat' dir='ltr'><strong>iacit</strong></span> <span class='ocrx_word' id='word_1_118' title='bbox 339 1389 475 1443; x_wconf 87' lang='lat' dir='ltr'><strong>flammam</strong></span> <span class='ocrx_word' id='word_1_119' title='bbox 493 1392 624 1455; x_wconf 89' lang='lat' dir='ltr'><strong>concepto</strong></span> <span class='ocrx_word' id='word_1_120' title='bbox 641 1389 765 1458; x_wconf 86' lang='lat' dir='ltr'><strong>protinus</strong></span> <span class='ocrx_word' id='word_1_121' title='bbox 783 1389 847 1457; x_wconf 90' lang='lat' dir='ltr'><strong>igni,</strong></span> <span class='ocrx_word' id='word_1_122' title='bbox 952 1403 989 1440; x_wconf 84' lang='lat' dir='ltr'><strong>eso</strong></span> 
     </span>
     <span class='ocr_line' id='line_1_18' title="bbox 140 1465 848 1535; baseline 0 -16"><span class='ocrx_word' id='word_1_123' title='bbox 140 1465 275 1534; x_wconf 87' lang='lat' dir='ltr'><strong>taedaque</strong></span> <span class='ocrx_word' id='word_1_124' title='bbox 293 1465 424 1518; x_wconf 89' lang='lat' dir='ltr'><strong>consimili</strong></span> <span class='ocrx_word' id='word_1_125' title='bbox 441 1465 546 1518; x_wconf 86' lang='lat' dir='ltr'><strong>ratione</strong></span> <span class='ocrx_word' id='word_1_126' title='bbox 564 1481 677 1519; x_wconf 87' lang='lat' dir='ltr'><strong>accensa</strong></span> <span class='ocrx_word' id='word_1_127' title='bbox 688 1482 744 1535; x_wconf 54' lang='lat' dir='ltr'><strong>¹per</strong></span> <span class='ocrx_word' id='word_1_128' title='bbox 760 1465 848 1520; x_wconf 84' lang='lat' dir='ltr'><strong>undas</strong></span> 
     </span>
     <span class='ocr_line' id='line_1_19' title="bbox 140 1541 835 1611; baseline 0.001 -16"><span class='ocrx_word' id='word_1_129' title='bbox 140 1542 271 1609; x_wconf 88' lang='lat' dir='ltr'><strong>conlucet,</strong></span> <span class='ocrx_word' id='word_1_130' title='bbox 290 1558 459 1611; x_wconf 90' lang='lat' dir='ltr'><strong>quocumque</strong></span> <span class='ocrx_word' id='word_1_131' title='bbox 476 1541 739 1610; x_wconf 83' lang='lat' dir='ltr'><strong>natansimpellitur·</strong></span> <span class='ocrx_word' id='word_1_132' title='bbox 756 1543 835 1596; x_wconf 79' lang='lat' dir='ltr'><strong>auris,</strong></span> 
     </span>
     <span class='ocr_line' id='line_1_20' title="bbox 141 1617 845 1688; baseline 0.003 -17"><span class='ocrx_word' id='word_1_133' title='bbox 141 1618 267 1671; x_wconf 80' lang='lat' dir='ltr'><strong>nimirrun</strong></span> <span class='ocrx_word' id='word_1_134' title='bbox 285 1619 349 1687; x_wconf 91' lang='lat' dir='ltr'><strong>quia</strong></span> <span class='ocrx_word' id='word_1_135' title='bbox 367 1622 431 1671; x_wconf 89' lang='lat' dir='ltr'><strong>sunt</strong></span> <span class='ocrx_word' id='word_1_136' title='bbox 448 1617 477 1671; x_wconf 96' lang='lat' dir='ltr'><strong>in</strong></span> <span class='ocrx_word' id='word_1_137' title='bbox 494 1634 566 1686; x_wconf 88' lang='lat' dir='ltr'><strong>aqua</strong></span> <span class='ocrx_word' id='word_1_138' title='bbox 583 1618 720 1687; x_wconf 90' lang='lat' dir='ltr'><strong>permulta</strong></span> <span class='ocrx_word' id='word_1_139' title='bbox 737 1618 845 1688; x_wconf 88' lang='lat' dir='ltr'><strong>vaporis</strong></span> 
     </span>
     <span class='ocr_line' id='line_1_21' title="bbox 141 1694 815 1765; baseline 0.001 -17"><span class='ocrx_word' id='word_1_140' title='bbox 141 1695 243 1748; x_wconf 87' lang='lat' dir='ltr'><strong>semina</strong></span> <span class='ocrx_word' id='word_1_141' title='bbox 261 1694 296 1748; x_wconf 91' lang='lat' dir='ltr'><strong>de</strong></span> <span class='ocrx_word' id='word_1_142' title='bbox 313 1697 443 1761; x_wconf 87' lang='lat' dir='ltr'><strong>terraque</strong></span> <span class='ocrx_word' id='word_1_143' title='bbox 460 1699 597 1748; x_wconf 86' lang='lat' dir='ltr'><strong>necessest</strong></span> <span class='ocrx_word' id='word_1_144' title='bbox 614 1694 738 1750; x_wconf 80' lang='lat' dir='ltr'><strong>funditus</strong></span> <span class='ocrx_word' id='word_1_145' title='bbox 754 1697 815 1765; x_wconf 87' lang='lat' dir='ltr'><strong>ipsa</strong></span> 
     </span>
     <span class='ocr_line' id='line_1_22' title="bbox 140 1770 988 1841; baseline 0.004 -18"><span class='ocrx_word' id='word_1_146' title='bbox 140 1770 211 1838; x_wconf 90' lang='lat' dir='ltr'><strong>ignis</strong></span> <span class='ocrx_word' id='word_1_147' title='bbox 229 1787 343 1840; x_wconf 89' lang='lat' dir='ltr'><strong>corpora</strong></span> <span class='ocrx_word' id='word_1_148' title='bbox 360 1787 411 1839; x_wconf 91' lang='lat' dir='ltr'><strong>per</strong></span> <span class='ocrx_word' id='word_1_149' title='bbox 428 1773 518 1824; x_wconf 89' lang='lat' dir='ltr'><strong>totum</strong></span> <span class='ocrx_word' id='word_1_150' title='bbox 537 1787 701 1839; x_wconf 86' lang='lat' dir='ltr'><strong>consurgere</strong></span> <span class='ocrx_word' id='word_1_151' title='bbox 719 1772 822 1826; x_wconf 81' lang='lat' dir='ltr'><strong>fontem</strong></span> <span class='ocrx_word' id='word_1_152' title='bbox 951 1784 988 1841; x_wconf 73' lang='lat' dir='ltr'><strong>ees</strong></span> 
     </span>
     <span class='ocr_line' id='line_1_23' title="bbox 142 1845 814 1916; baseline 0.004 -17"><span class='ocrx_word' id='word_1_153' title='bbox 142 1849 171 1899; x_wconf 88' lang='lat' dir='ltr'><strong>ct</strong></span> <span class='ocrx_word' id='word_1_154' title='bbox 186 1845 267 1898; x_wconf 73' lang='lat' dir='ltr'><strong>simrd</strong></span> <span class='ocrx_word' id='word_1_155' title='bbox 286 1847 428 1915; x_wconf 88' lang='lat' dir='ltr'><strong>exspirare</strong></span> <span class='ocrx_word' id='word_1_156' title='bbox 445 1846 517 1899; x_wconf 86' lang='lat' dir='ltr'><strong>foras</strong></span> <span class='ocrx_word' id='word_1_157' title='bbox 536 1848 664 1916; x_wconf 86' lang='lat' dir='ltr'><strong>exireque</strong></span> <span class='ocrx_word' id='word_1_158' title='bbox 682 1849 710 1901; x_wconf 93' lang='lat' dir='ltr'><strong>in</strong></span> <span class='ocrx_word' id='word_1_159' title='bbox 728 1864 814 1916; x_wconf 85' lang='lat' dir='ltr'><strong>auras,</strong></span> 
     </span>
     <span class='ocr_line' id='line_1_24' title="bbox 141 1921 907 1992; baseline 0.003 -18"><span class='ocrx_word' id='word_1_160' title='bbox 141 1938 194 1974; x_wconf 91' lang='lat' dir='ltr'><strong>non</strong></span> <span class='ocrx_word' id='word_1_161' title='bbox 211 1921 251 1974; x_wconf 90' lang='lat' dir='ltr'><strong>ita</strong></span> <span class='ocrx_word' id='word_1_162' title='bbox 268 1921 355 1974; x_wconf 87' lang='lat' dir='ltr'><strong>multa</strong></span> <span class='ocrx_word' id='word_1_163' title='bbox 372 1925 472 1989; x_wconf 87' lang='lat' dir='ltr'><strong>tamen,</strong></span> <span class='ocrx_word' id='word_1_164' title='bbox 490 1922 594 1976; x_wconf 86' lang='lat' dir='ltr'><strong>calidus</strong></span> <span class='ocrx_word' id='word_1_165' title='bbox 612 1927 696 1991; x_wconf 85' lang='lat' dir='ltr'><strong>queat</strong></span> <span class='ocrx_word' id='word_1_166' title='bbox 713 1927 746 1978; x_wconf 91' lang='lat' dir='ltr'><strong>ut</strong></span> <span class='ocrx_word' id='word_1_167' title='bbox 762 1924 823 1978; x_wconf 86' lang='lat' dir='ltr'><strong>fieri</strong></span> <span class='ocrx_word' id='word_1_168' title='bbox 839 1924 907 1992; x_wconf 80' lang='lat' dir='ltr'><strong>fons,</strong></span> 
     </span>
    </p>

    <p class='ocr_par' dir='ltr' id='par_1_4' title="bbox 118 1997 1049 2836">
     <span class='ocr_line' id='line_1_25' title="bbox 118 1997 770 2068; baseline 0.008 -19"><span class='ocrx_word' id='word_1_169' title='bbox 118 2011 121 2016; x_wconf 91' lang='grc'>·</span> <span class='ocrx_word' id='word_1_170' title='bbox 141 1999 287 2065; x_wconf 88' lang='lat' dir='ltr'><strong>propterea</strong></span> <span class='ocrx_word' id='word_1_171' title='bbox 304 1997 427 2065; x_wconf 87' lang='lat' dir='ltr'><strong>dispersa</strong></span> <span class='ocrx_word' id='word_1_172' title='bbox 444 1997 516 2051; x_wconf 88' lang='lat' dir='ltr'><strong>foras</strong></span> <span class='ocrx_word' id='word_1_173' title='bbox 534 2015 678 2067; x_wconf 87' lang='lat' dir='ltr'><strong>erumpere</strong></span> <span class='ocrx_word' id='word_1_174' title='bbox 696 1999 770 2068; x_wconf 88' lang='lat' dir='ltr'><strong>cogit</strong></span> 
     </span>
     <span class='ocr_line' id='line_1_26' title="bbox 141 2073 1049 2144; baseline 0.003 -18"><span class='ocrx_word' id='word_1_175' title='bbox 141 2073 182 2127; x_wconf 85' lang='lat' dir='ltr'><strong>vis</strong></span> <span class='ocrx_word' id='word_1_176' title='bbox 199 2089 249 2142; x_wconf 90' lang='lat' dir='ltr'><strong>per</strong></span> <span class='ocrx_word' id='word_1_177' title='bbox 266 2090 364 2142; x_wconf 89' lang='lat' dir='ltr'><strong>aquam</strong></span> <span class='ocrx_word' id='word_1_178' title='bbox 383 2073 474 2127; x_wconf 86' lang='lat' dir='ltr'><strong>subito</strong></span> <span class='ocrx_word' id='word_1_179' title='bbox 493 2090 653 2143; x_wconf 88' lang='lat' dir='ltr'><strong>sursumque</strong></span> <span class='ocrx_word' id='word_1_180' title='bbox 671 2091 703 2128; x_wconf 87' lang='lat' dir='ltr'><strong>ea</strong></span> <span class='ocrx_word' id='word_1_181' title='bbox 721 2075 862 2130; x_wconf 89' lang='lat' dir='ltr'><strong>conciliari.</strong></span> <span class='ocrx_word' id='word_1_182' title='bbox 1043 2133 1049 2144; x_wconf 55' lang='lat'><em>,</em></span> 
     </span>
     <span class='ocr_line' id='line_1_27' title="bbox 143 2150 990 2221; baseline 0.002 -17"><span class='ocrx_word' id='word_1_183' title='bbox 143 2150 216 2218; x_wconf 91' lang='lat' dir='ltr'><strong>quod</strong></span> <span class='ocrx_word' id='word_1_184' title='bbox 227 2167 313 2218; x_wconf 90' lang='lat' dir='ltr'><strong>genus</strong></span> <span class='ocrx_word' id='word_1_185' title='bbox 325 2150 396 2203; x_wconf 91' lang='lat' dir='ltr'><strong>endo</strong></span> <span class='ocrx_word' id='word_1_186' title='bbox 408 2152 505 2204; x_wconf 88' lang='lat' dir='ltr'><strong>marist</strong></span> <span class='ocrx_word' id='word_1_187' title='bbox 518 2151 606 2204; x_wconf 87' lang='lat' dir='ltr'><strong>Aradi</strong></span> <span class='ocrx_word' id='word_1_188' title='bbox 615 2151 682 2218; x_wconf 86' lang='lat' dir='ltr'><strong>fons,</strong></span> <span class='ocrx_word' id='word_1_189' title='bbox 695 2151 782 2206; x_wconf 89' lang='lat' dir='ltr'><strong>dulcis</strong></span> <span class='ocrx_word' id='word_1_190' title='bbox 793 2153 872 2221; x_wconf 88' lang='lat' dir='ltr'><strong>aquai</strong></span> <span class='ocrx_word' id='word_1_191' title='bbox 903 2177 910 2186; x_wconf 93' lang='lat'><strong>·</strong></span> <span class='ocrx_word' id='word_1_192' title='bbox 952 2167 990 2206; x_wconf 84' lang='lat' dir='ltr'><strong>eoo</strong></span> 
     </span>
     <span class='ocr_line' id='line_1_28' title="bbox 142 2227 857 2296; baseline 0.003 -16"><span class='ocrx_word' id='word_1_193' title='bbox 142 2228 188 2296; x_wconf 93' lang='lat' dir='ltr'><strong>qui</strong></span> <span class='ocrx_word' id='word_1_194' title='bbox 206 2228 287 2281; x_wconf 86' lang='lat' dir='ltr'><strong>scatit</strong></span> <span class='ocrx_word' id='word_1_195' title='bbox 304 2231 334 2282; x_wconf 90' lang='lat' dir='ltr'><strong>et</strong></span> <span class='ocrx_word' id='word_1_196' title='bbox 351 2227 434 2280; x_wconf 88' lang='lat' dir='ltr'><strong>salsas</strong></span> <span class='ocrx_word' id='word_1_197' title='bbox 452 2228 552 2282; x_wconf 91' lang='lat' dir='ltr'><strong>circum</strong></span> <span class='ocrx_word' id='word_1_198' title='bbox 570 2245 599 2282; x_wconf 86' lang='lat' dir='ltr'><strong>se</strong></span> <span class='ocrx_word' id='word_1_199' title='bbox 617 2227 738 2282; x_wconf 82' lang='lat' dir='ltr'><strong>dimovet</strong></span> <span class='ocrx_word' id='word_1_200' title='bbox 755 2229 857 2295; x_wconf 89' lang='lat' dir='ltr'><strong>undas;</strong></span> 
     </span>
     <span class='ocr_line' id='line_1_29' title="bbox 142 2303 784 2373; baseline 0.002 -15"><span class='ocrx_word' id='word_1_201' title='bbox 142 2309 171 2358; x_wconf 88' lang='lat' dir='ltr'><strong>et</strong></span> <span class='ocrx_word' id='word_1_202' title='bbox 189 2305 283 2357; x_wconf 88' lang='lat' dir='ltr'><strong>multis</strong></span> <span class='ocrx_word' id='word_1_203' title='bbox 300 2303 361 2357; x_wconf 83' lang='lat' dir='ltr'><strong>aliis</strong></span> <span class='ocrx_word' id='word_1_204' title='bbox 377 2304 492 2373; x_wconf 87' lang='lat' dir='ltr'><strong>praebet</strong></span> <span class='ocrx_word' id='word_1_205' title='bbox 509 2304 664 2372; x_wconf 86' lang='lat' dir='ltr'><strong>regionibus</strong></span> <span class='ocrx_word' id='word_1_206' title='bbox 682 2321 784 2373; x_wconf 89' lang='lat' dir='ltr'><strong>aequor</strong></span> 
     </span>
     <span class='ocr_line' id='line_1_30' title="bbox 143 2380 770 2450; baseline 0.003 -16"><span class='ocrx_word' id='word_1_207' title='bbox 143 2380 290 2434; x_wconf 86' lang='lat' dir='ltr'><strong>utilitatem</strong></span> <span class='ocrx_word' id='word_1_208' title='bbox 308 2385 488 2450; x_wconf 83' lang='lat' dir='ltr'><strong>opportunam</strong></span> <span class='ocrx_word' id='word_1_209' title='bbox 507 2381 654 2436; x_wconf 87' lang='lat' dir='ltr'><strong>sitientibu&#39;</strong></span> <span class='ocrx_word' id='word_1_210' title='bbox 671 2381 770 2449; x_wconf 85' lang='lat' dir='ltr'><strong>nautis,</strong></span> 
     </span>
     <span class='ocr_line' id='line_1_31' title="bbox 143 2457 798 2530; baseline 0.003 -22"><span class='ocrx_word' id='word_1_211' title='bbox 143 2457 216 2524; x_wconf 88' lang='lat' dir='ltr'><strong>quod</strong></span> <span class='ocrx_word' id='word_1_212' title='bbox 234 2457 321 2511; x_wconf 88' lang='lat' dir='ltr'><strong>dulcis</strong></span> <span class='ocrx_word' id='word_1_213' title='bbox 338 2457 410 2510; x_wconf 90' lang='lat' dir='ltr'><strong>inter</strong></span> <span class='ocrx_word' id='word_1_214' title='bbox 428 2458 512 2512; x_wconf 89' lang='lat' dir='ltr'><strong>salsas</strong></span> <span class='ocrx_word' id='word_1_215' title='bbox 529 2458 688 2530; x_wconf 80' lang='lat' dir='ltr'><strong>intervomit</strong></span> <span class='ocrx_word' id='word_1_216' title='bbox 704 2457 798 2512; x_wconf 84' lang='lat' dir='ltr'><strong>undas.</strong></span> 
     </span>
     <span class='ocr_line' id='line_1_32' title="bbox 142 2533 989 2604; baseline 0 -18"><span class='ocrx_word' id='word_1_217' title='bbox 142 2535 180 2586; x_wconf 83' lang='lat' dir='ltr'><strong>sic</strong></span> <span class='ocrx_word' id='word_1_218' title='bbox 197 2533 282 2602; x_wconf 86' lang='lat' dir='ltr'><strong>igitur</strong></span> <span class='ocrx_word' id='word_1_219' title='bbox 298 2551 348 2602; x_wconf 93' lang='lat' dir='ltr'><strong>per</strong></span> <span class='ocrx_word' id='word_1_220' title='bbox 365 2549 427 2587; x_wconf 90' lang='lat' dir='ltr'><strong>eum</strong></span> <span class='ocrx_word' id='word_1_221' title='bbox 444 2538 558 2604; x_wconf 90' lang='lat' dir='ltr'><strong>possunt</strong></span> <span class='ocrx_word' id='word_1_222' title='bbox 576 2550 719 2603; x_wconf 90' lang='lat' dir='ltr'><strong>erumpere</strong></span> <span class='ocrx_word' id='word_1_223' title='bbox 737 2533 840 2587; x_wconf 84' lang='lat' dir='ltr'><strong>fontem</strong></span> <span class='ocrx_word' id='word_1_224' title='bbox 930 2537 934 2544; x_wconf 85' lang='lat'>&#39;</span> <span class='ocrx_word' id='word_1_225' title='bbox 952 2546 989 2586; x_wconf 77' lang='lat' dir='ltr'><strong>sat</strong></span> 
     </span>
     <span class='ocr_line' id='line_1_33' title="bbox 143 2610 920 2680; baseline 0 -18"><span class='ocrx_word' id='word_1_226' title='bbox 143 2622 172 2662; x_wconf 83' lang='lat' dir='ltr'><strong>et</strong></span> <span class='ocrx_word' id='word_1_227' title='bbox 190 2615 294 2664; x_wconf 90' lang='lat' dir='ltr'><strong>scatere</strong></span> <span class='ocrx_word' id='word_1_228' title='bbox 311 2610 358 2663; x_wconf 88' lang='lat' dir='ltr'><strong>illa</strong></span> <span class='ocrx_word' id='word_1_229' title='bbox 375 2610 491 2664; x_wconf 87' lang='lat' dir='ltr'><strong>ferasin</strong></span> <span class='ocrx_word' id='word_1_230' title='bbox 510 2615 638 2680; x_wconf 89' lang='lat' dir='ltr'><strong>stuppam</strong></span> <span class='ocrx_word' id='word_1_231' title='bbox 656 2610 772 2676; x_wconf 80' lang='lat' dir='ltr'><strong>semina3</strong></span> <span class='ocrx_word' id='word_1_232' title='bbox 789 2627 843 2678; x_wconf 89' lang='lat' dir='ltr'><strong>quo</strong></span> <span class='ocrx_word' id='word_1_233' title='bbox 860 2626 920 2663; x_wconf 90' lang='lat' dir='ltr'><strong>cum</strong></span> 
     </span>
     <span class='ocr_line' id='line_1_34' title="bbox 142 2685 904 2757; baseline 0.003 -19"><span class='ocrx_word' id='word_1_234' title='bbox 142 2687 304 2742; x_wconf 90' lang='lat' dir='ltr'><strong>conveniunt</strong></span> <span class='ocrx_word' id='word_1_235' title='bbox 321 2691 369 2742; x_wconf 89' lang='lat' dir='ltr'><strong>aut</strong></span> <span class='ocrx_word' id='word_1_236' title='bbox 386 2688 414 2740; x_wconf 90' lang='lat' dir='ltr'><strong>in</strong></span> <span class='ocrx_word' id='word_1_237' title='bbox 432 2687 523 2741; x_wconf 91' lang='lat' dir='ltr'><strong>taedai</strong></span> <span class='ocrx_word' id='word_1_238' title='bbox 541 2703 654 2757; x_wconf 88' lang='lat' dir='ltr'><strong>corpore</strong></span> <span class='ocrx_word' id='word_1_239' title='bbox 671 2685 828 2752; x_wconf 87' lang='lat' dir='ltr'><strong>adhaerent,</strong></span> <span class='ocrx_word' id='word_1_240' title='bbox 901 2705 904 2712; x_wconf 91' lang='lat'>·</span> 
     </span>
     <span class='ocr_line' id='line_1_35' title="bbox 142 2761 954 2836; baseline 0.006 -22"><span class='ocrx_word' id='word_1_241' title='bbox 142 2761 289 2818; x_wconf 86' lang='lat' dir='ltr'><strong>ardescunt</strong></span> <span class='ocrx_word' id='word_1_242' title='bbox 306 2765 385 2819; x_wconf 82' lang='lat' dir='ltr'><strong>facile</strong></span> <span class='ocrx_word' id='word_1_243' title='bbox 403 2765 548 2836; x_wconf 89' lang='lat' dir='ltr'><strong>extemplo,</strong></span> <span class='ocrx_word' id='word_1_244' title='bbox 568 2765 631 2833; x_wconf 88' lang='lat' dir='ltr'><strong>quia</strong></span> <span class='ocrx_word' id='word_1_245' title='bbox 648 2762 734 2817; x_wconf 86' lang='lat' dir='ltr'><strong>multa</strong></span> <span class='ocrx_word' id='word_1_246' title='bbox 752 2778 860 2831; x_wconf 88' lang='lat' dir='ltr'><strong>quoque</strong></span> <span class='ocrx_word' id='word_1_247' title='bbox 877 2762 906 2814; x_wconf 93' lang='lat' dir='ltr'><strong>in</strong></span> <span class='ocrx_word' id='word_1_248' title='bbox 924 2779 954 2819; x_wconf 77' lang='lat' dir='ltr'><strong>se</strong></span> 
     </span>
    </p>
   </div>
   <div class='ocr_carea' id='block_1_3' title="bbox 30 2838 990 3290">
    <p class='ocr_par' dir='ltr' id='par_1_5' title="bbox 141 2838 990 3224">
     <span class='ocr_line' id='line_1_36' title="bbox 142 2838 890 2910; baseline 0.003 -21"><span class='ocrx_word' id='word_1_249' title='bbox 142 2838 245 2893; x_wconf 81' lang='lat' dir='ltr'><strong>semina</strong></span> <span class='ocrx_word' id='word_1_250' title='bbox 262 2840 366 2895; x_wconf 90' lang='lat' dir='ltr'><strong>habent</strong></span> <span class='ocrx_word' id='word_1_251' title='bbox 383 2842 453 2910; x_wconf 88' lang='lat' dir='ltr'><strong>ignis</strong></span> <span class='ocrx_word' id='word_1_252' title='bbox 472 2844 587 2910; x_wconf 90' lang='lat' dir='ltr'><strong>stuppae</strong></span> <span class='ocrx_word' id='word_1_253' title='bbox 605 2839 757 2909; x_wconf 88' lang='lat' dir='ltr'><strong>taedaeque</strong></span> <span class='ocrx_word' id='word_1_254' title='bbox 774 2839 890 2893; x_wconf 87' lang='lat' dir='ltr'><strong>latentis.</strong></span> 
     </span>
     <span class='ocr_line' id='line_1_37' title="bbox 142 2915 990 2985; baseline 0.002 -20"><span class='ocrx_word' id='word_1_255' title='bbox 142 2929 230 2968; x_wconf 89' lang='lat' dir='ltr'><strong>nonne</strong></span> <span class='ocrx_word' id='word_1_256' title='bbox 248 2917 324 2970; x_wconf 90' lang='lat' dir='ltr'><strong>vides</strong></span> <span class='ocrx_word' id='word_1_257' title='bbox 342 2919 433 2985; x_wconf 87' lang='lat' dir='ltr'><strong>ctiam,</strong></span> <span class='ocrx_word' id='word_1_258' title='bbox 452 2922 585 2972; x_wconf 90' lang='lat' dir='ltr'><strong>nocturna</strong></span> <span class='ocrx_word' id='word_1_259' title='bbox 603 2916 639 2970; x_wconf 88' lang='lat' dir='ltr'><strong>ad</strong></span> <span class='ocrx_word' id='word_1_260' title='bbox 656 2916 758 2970; x_wconf 90' lang='lat' dir='ltr'><strong>lumina</strong></span> <span class='ocrx_word' id='word_1_261' title='bbox 774 2915 860 2969; x_wconf 89' lang='lat' dir='ltr'><strong>linum</strong></span> <span class='ocrx_word' id='word_1_262' title='bbox 952 2928 990 2968; x_wconf 86' lang='lat' dir='ltr'><strong>ooo</strong></span> 
     </span>
     <span class='ocr_line' id='line_1_38' title="bbox 142 2989 874 3062; baseline 0.008 -22"><span class='ocrx_word' id='word_1_263' title='bbox 142 3004 229 3056; x_wconf 90' lang='lat' dir='ltr'><strong>nuper</strong></span> <span class='ocrx_word' id='word_1_264' title='bbox 245 2991 298 3045; x_wconf 89' lang='lat' dir='ltr'><strong>ubi·</strong></span> <span class='ocrx_word' id='word_1_265' title='bbox 311 2994 462 3048; x_wconf 86' lang='lat' dir='ltr'><strong>extinctum</strong></span> <span class='ocrx_word' id='word_1_266' title='bbox 482 2989 633 3062; x_wconf 73' lang='lat' dir='ltr'><strong>admoveas,</strong></span> <span class='ocrx_word' id='word_1_267' title='bbox 650 2992 792 3048; x_wconf 85' lang='lat' dir='ltr'><strong>accendier</strong></span> <span class='ocrx_word' id='word_1_268' title='bbox 809 2996 874 3046; x_wconf 88' lang='lat' dir='ltr'><strong>anto</strong></span> 
     </span>
     <span class='ocr_line' id='line_1_39' title="bbox 142 3067 897 3140; baseline 0.012 -25"><span class='ocrx_word' id='word_1_269' title='bbox 142 3079 224 3130; x_wconf 91' lang='lat' dir='ltr'><strong>quam</strong></span> <span class='ocrx_word' id='word_1_270' title='bbox 241 3067 336 3135; x_wconf 87' lang='lat' dir='ltr'><strong>tetigit</strong></span> <span class='ocrx_word' id='word_1_271' title='bbox 353 3070 497 3138; x_wconf 86' lang='lat' dir='ltr'><strong>flammam,</strong></span> <span class='ocrx_word' id='word_1_272' title='bbox 514 3071 680 3139; x_wconf 88' lang='lat' dir='ltr'><strong>taedamque</strong></span> <span class='ocrx_word' id='word_1_273' title='bbox 697 3069 757 3140; x_wconf 84' lang='lat' dir='ltr'><strong>pari</strong></span> <span class='ocrx_word' id='word_1_274' title='bbox 775 3070 897 3124; x_wconf 71' lang='lat' dir='ltr'><strong>ratione?</strong></span> 
     </span>
     <span class='ocr_line' id='line_1_40' title="bbox 141 3138 824 3224; baseline 0.004 -31"><span class='ocrx_word' id='word_1_275' title='bbox 141 3138 281 3224; x_wconf 74' lang='lat' dir='ltr'><strong>multaque</strong></span> <span class='ocrx_word' id='word_1_276' title='bbox 297 3149 442 3211; x_wconf 88' lang='lat' dir='ltr'><strong>praetcrea</strong></span> <span class='ocrx_word' id='word_1_277' title='bbox 459 3147 535 3216; x_wconf 85' lang='lat' dir='ltr'><strong>prius</strong></span> <span class='ocrx_word' id='word_1_278' title='bbox 553 3147 612 3216; x_wconf 87' lang='lat' dir='ltr'><strong>ipso</strong></span> <span class='ocrx_word' id='word_1_279' title='bbox 629 3148 705 3200; x_wconf 87' lang='lat' dir='ltr'><strong>tacta</strong></span> <span class='ocrx_word' id='word_1_280' title='bbox 722 3162 824 3216; x_wconf 87' lang='lat' dir='ltr'><strong>vapore</strong></span> 
     </span>
    </p>

    <p class='ocr_par' dir='ltr' id='par_1_6' title="bbox 30 3218 891 3290">
     <span class='ocr_line' id='line_1_41' title="bbox 30 3218 891 3290; baseline 0.012 -28"><span class='ocrx_word' id='word_1_281' title='bbox 30 3267 42 3271; x_wconf 60' lang='grc'><strong>,</strong></span> <span class='ocrx_word' id='word_1_282' title='bbox 141 3227 245 3266; x_wconf 74' lang='lat' dir='ltr'><strong>eminus</strong></span> <span class='ocrx_word' id='word_1_283' title='bbox 263 3218 410 3273; x_wconf 87' lang='lat' dir='ltr'><strong>ardescunt</strong></span> <span class='ocrx_word' id='word_1_284' title='bbox 428 3239 509 3288; x_wconf 86' lang='lat' dir='ltr'><strong>quam</strong></span> <span class='ocrx_word' id='word_1_285' title='bbox 527 3222 676 3276; x_wconf 83' lang='lat' dir='ltr'><strong>comminus</strong></span> <span class='ocrx_word' id='word_1_286' title='bbox 693 3222 798 3276; x_wconf 83' lang='lat' dir='ltr'><strong>imbuat</strong></span> <span class='ocrx_word' id='word_1_287' title='bbox 816 3221 891 3290; x_wconf 86' lang='lat' dir='ltr'><strong>ignis.</strong></span> 
     </span>
    </p>
   </div>
   <div class='ocr_carea' id='block_1_4' title="bbox 0 0 1126 3526">
    <p class='ocr_par' dir='ltr' id='par_1_7' title="bbox 0 0 1126 3526">
     <span class='ocr_line' id='line_1_42' title="bbox 0 0 1126 3526; baseline 0 0"><span class='ocrx_word' id='word_1_288' title='bbox 0 0 1126 3526; x_wconf 95' lang='lat' dir='ltr'><strong> </strong></span> 
     </span>
    </p>
   </div>
  </div>
 </body>
</html>
