2234 3526
533 135 602 190 Vt*

124 239 236 294 flumina
253 239 393 293 abrmdare
410 241 443 293 nt
459 239 581 294 facerent
598 257 761 312 camposque
778 248 880 309 natare,

125 317 149 370 si
167 333 221 370 non
239 317 373 370 extructis
391 317 462 370 foret
480 315 535 370 alte
553 316 670 370 nubibus
688 319 790 373 aether.
842 363 848 373 .

124 393 168 448 nie
185 395 269 462 igitur
287 395 375 447 ventis
392 396 476 461 atque
493 391 600 460 ignibus
618 394 708 446 onmia
724 395 803 463 plena

125 475 203 536 sunt;
222 470 284 524 ideo
302 471 403 540 passim
422 469 548 522 fremitus
566 473 595 522 et
612 470 720 538 fulgura
738 472 811 524 fiunt.
940 489 974 527 220

124 549 225 617 quippe
243 547 345 600 etenim
364 563 446 616 supra
465 546 545 600 docui
562 548 700 615 permulta
717 565 823 617 vaporis

124 625 226 676 semina
245 623 347 678 habere
365 641 444 678 cavas
462 623 548 676 nubes
568 627 596 677 et
613 624 700 676 inulta
717 630 854 679 necessest

124 701 265 769 concipere
284 717 318 754 ex
337 700 401 754 solis
419 699 503 753 radiis
522 700 675 768 ardoreque
694 717 793 754 eornm.

123 777 174 831 hoc
191 777 238 830 ubi
256 781 354 831 ventus
372 793 418 830 eus
436 777 510 829 idem
529 777 576 846 qui
594 777 668 845 cogit
685 778 713 830 in
731 795 814 830 nnnm

122 854 195 907 forte
212 854 301 907 locum
320 854 450 922 quemvis
469 855 603 923 expressit
621 855 707 908 multo
724 855 830 922 vaporis
940 869 976 910 27⁵

124 931 227 984 semina
245 947 329 999 seque
347 930 426 984 simul
444 947 505 984 cunr
523 947 555 984 eo
574 931 745 984 commiscuit
763 931 825 998 igni,

123 1006 277 1060 insinuatus
295 1007 332 1060 ibi
351 1011 448 1060 vortex
467 1010 593 1061 versatur
611 1007 638 1059 in
657 1012 717 1061 arto

124 1087 154 1136 et
172 1084 266 1138 calidis
285 1084 360 1138 acuit
377 1083 480 1136 fulmen
498 1083 652 1137 fornacibus
670 1085 749 1138 intus.

124 1177 187 1213 num
205 1160 308 1228 duplici
327 1160 433 1213 ratione
451 1160 616 1226 accenditur,
635 1161 693 1230 ipse
711 1177 760 1213 sua
777 1177 838 1214 cunr

124 1237 276 1290 mobilitate
296 1235 407 1289 calescit
425 1239 454 1289 et
472 1252 488 1289 e
505 1236 667 1303 contagibus
684 1237 761 1304 ignis.
940 1251 977 1291 rso

122 1313 187 1366 iude
205 1313 252 1366 ubi
269 1312 403 1382 percaluit
421 1313 496 1366 venti
513 1313 554 1365 ris
571 1319 597 1366 ct
613 1313 704 1380 gravis
723 1313 794 1380 iguis

122 1390 241 1459 impetus
259 1389 377 1455 incessit,
397 1394 536 1443 maturum
554 1393 614 1443 tum
632 1389 710 1458 quasi
727 1389 831 1442 fulmen

123 1466 274 1534 perscindit
292 1466 382 1519 subito
400 1466 508 1534 nubem,
526 1467 668 1535 ferturque
685 1466 803 1520 coruscis

124 1543 214 1596 omnia
231 1542 377 1596 luminibus
396 1543 516 1596 lustrans
534 1543 592 1596 loca
611 1543 732 1612 percitus
750 1542 838 1596 ardor.

124 1637 206 1686 quem
223 1619 314 1686 gravis
331 1619 484 1686 insequitur
503 1621 613 1687 sonitus,
633 1620 751 1688 displosa
768 1622 882 1689 repente
941 1635 976 1673 225

124 1695 279 1764 opprimere
296 1698 328 1749 ut
345 1696 414 1749 caeli
432 1696 559 1750 videatur
576 1697 680 1765 templa
698 1713 823 1766 superne.

123 1771 187 1824 inde
205 1774 309 1826 tremor
326 1777 415 1826 terras
434 1772 556 1840 graviter
573 1777 744 1842 pertemptat
762 1777 791 1826 et
808 1773 893 1826 altum

123 1864 263 1902 murmura
279 1865 444 1918 percurrunt
462 1849 573 1903 caelum.
591 1865 654 1902 uam
672 1853 732 1902 tota
748 1850 806 1903 fere
823 1854 882 1903 tum

123 1927 275 1994 tempestas
293 1941 422 1980 concussa
439 1925 535 1979 tremit
553 1926 734 1995 fremitusque
745 1930 902 1980 moventur.

123 2019 177 2070 qno
196 2002 231 2056 de
249 2016 381 2056 concussu
399 2003 522 2069 sequitur
539 2002 630 2071 gravis
648 2002 736 2058 imber
754 2007 783 2056 et
800 2003 875 2070 uber,
940 2018 976 2056 200

124 2079 211 2132 omnis
228 2079 270 2132 uti
288 2079 414 2133 videatur
431 2079 459 2131 in
477 2079 592 2134 imbrem
610 2080 714 2134 vertier
731 2080 827 2134 aether

124 2158 207 2224 atque
225 2155 265 2208 ita
282 2157 467 2224 praecipitans
485 2157 521 2208 ad
540 2157 668 2210 diluviem
688 2157 823 2210 revocari:

123 2235 218 2284 tantus
235 2230 349 2284 discidio
367 2231 447 2284 nubis
465 2232 593 2298 ventique
611 2233 729 2300 procella

124 2308 251 2374 mittitur,
271 2306 379 2360 ardenti
397 2307 501 2360 sonitus
520 2323 581 2359 eum
600 2307 724 2375 provolat
744 2308 808 2360 ictu.

124 2388 167 2438 est
185 2385 267 2438 etiam
285 2401 347 2438 cum
365 2385 406 2437 vis
423 2384 594 2437 extrinsecus
612 2383 696 2436 incita
713 2385 787 2437 venti
942 2398 977 2436 295

123 2461 264 2516 incidit‘in
283 2460 398 2514 calidam
416 2463 524 2513 maturo
541 2458 654 2512 fulmine
672 2459 788 2524 nubem;

124 2555 205 2606 quarn
224 2554 285 2591 eum
302 2536 441 2606 perscidit,
460 2535 598 2604 externplo
617 2536 691 2590 cudit
708 2536 803 2604 igneus
820 2536 866 2588 ille
896 2550 906 2562 ·

123 2618 219 2668 vertex
238 2630 318 2683 quem
336 2613 426 2684 patrio
444 2613 594 2666 vocitamus
612 2614 720 2666 nornine
738 2613 848 2666 fulmen.

124 2691 175 2745 lroe
193 2692 225 2744 fit
243 2691 317 2744 idem
335 2692 363 2743 in
380 2691 467 2759 pertis
486 2689 558 2755 alias,
577 2706 747 2759 quocumque
766 2691 831 2743 tulit
848 2689 896 2742 vis.

124 2769 157 2822 fit
175 2785 283 2838 quoqne
301 2771 333 2820 ut
351 2767 490 2820 interdum
510 2767 582 2820 venti
602 2767 642 2819 vis
660 2768 742 2820 missa
760 2767 816 2820 sine
835 2767 892 2834 igni
941 2781 977 2820 soe

123 2843 239 2914 igniscat
256 2847 348 2896 tamen
366 2843 394 2896 iu
413 2845 500 2913 spatio
517 2843 651 2912 longoque
668 2847 768 2910 meatu,

125 2921 191 2974 dum
208 2920 291 2987 venit,
309 2921 439 2974 amittens
457 2921 484 2972 in
503 2937 584 2973 eursu
603 2937 715 2989 corpora
732 2921 867 2989 quaedam

124 2997 239 3067 grandia
257 3014 327 3065 qnae
344 3000 483 3064 nequerurt
499 2998 604 3066 pariter
622 3003 768 3066 penetrare
785 3014 836 3066 per
853 3013 948 3064 auram

125 3077 208 3143 atque
226 3073 279 3126 alia
297 3091 330 3126 ex
349 3073 408 3142 ipso
425 3072 574 3128 conradens
591 3091 655 3127 uere
672 3078 766 3143 portat

124 3151 237 3220 parvola
254 3167 324 3219 qnae
340 3151 444 3204 faciunt
460 3150 550 3218 ignem
568 3151 716 3206 commixta
734 3151 864 3219 voland03
942 3165 977 3204 sos

125 3243 179 3280 uon
198 3227 250 3280 alia
267 3228 347 3296 longe
365 3227 470 3281 ratione
488 3243 520 3280 uc
538 3227 664 3296 plumbea
683 3245 764 3298 saepe
