2234 3526
103 124 158 180 146
516 119 542 174 V

99 225 189 279 dulcia
205 223 366 293 linquebant
383 222 501 278 labentis
519 223 623 277 lumina
639 224 719 278 vitae.

97 319 168 357 unus
185 302 258 354 enim
275 305 334 356 tum
353 300 468 369 quisque
487 301 572 366 inagis
592 299 744 368 deprensus
761 317 854 356 eorum
928 316 968 356 090

97 377 197 447 pabula
215 378 275 430 viva
292 377 358 429 feris
377 375 535 444 praebebat,
554 376 684 432 dentibus
701 377 824 444 haustus

85 456 128 506 et
145 469 258 506 nemora
275 469 307 506 ac
325 453 425 506 montis
443 455 549 521 gemitu
567 454 703 522 silvasque
721 452 846 521 replebat

98 529 159 582 viva
178 528 273 582 videns
292 529 353 582 viro
372 529 482 598 sepeliri
501 531 605 583 viscera
623 530 712 584 busto.

97 608 128 658 at
146 622 213 675 quos
231 605 360 674 effugium
380 610 503 659 servarat
521 623 635 675 corpore
653 605 743 673 adeso,

98 683 235 751 posterius
253 684 385 737 tremulas
404 699 487 752 super
504 683 596 737 ulcera
613 686 705 736 taetra
723 685 849 738 tenentes
929 698 965 735 eae

97 757 203 827 palmas
220 759 360 812 horriferis
378 759 502 813 accibant
520 759 631 812 voeibus
651 758 760 826 Oreum,

98 833 217 902 denique
235 851 281 888 eos
300 836 357 889 vita
374 835 517 903 privarant
535 835 657 888 vermina
675 852 756 890 saeva

98 911 220 980 expertis
238 912 305 980 opis,
323 913 432 979 ignaros
449 912 516 980 quid
534 912 644 965 volnera
661 911 771 968 vellent.

98 990 128 1040 at
145 1003 198 1040 non
216 987 303 1041 multa
320 988 409 1041 virum
428 988 479 1041 sub
497 987 581 1055 signis
598 987 674 1041 milia
691 986 775 1042 ducta

97 1079 152 1116 una
170 1062 230 1117 dies
248 1063 433 1117 dabat'exitio
451 1081 502 1118 neo
521 1063 632 1118 turbida
649 1063 727 1132 ponti
916 1077 966 1118 1000

98 1155 216 1207 aequora
233 1139 364 1208 fligebant
381 1142 457 1194 navis
475 1140 512 1194 ad
530 1157 596 1194 saxa
612 1139 746 1209 virosque.

97 1215 141 1270 hic
159 1219 263 1269 temere
280 1217 308 1270 in
326 1234 433 1270 cassum
451 1217 555 1271 frustra
572 1233 647 1270 mare
666 1233 747 1285 saepe
765 1218 889 1270 coortum

98 1291 221 1346 saevibat
238 1292 390 1362 leviterque
408 1294 495 1346 minas
513 1293 634 1362 ponebat
652 1292 746 1358 inanis,
800 1335 801 1339 ,

97 1385 147 1422 000
165 1373 275 1438 poterat
293 1387 454 1439 quemquam
474 1371 575 1440 placidi
592 1369 706 1439 pellacia
723 1369 801 1436 ponti

96 1444 211 1498 subdola
227 1447 355 1515 pellicere
372 1447 400 1500 in
417 1447 541 1501 fraudem
560 1445 714 1499 ridentibus
731 1444 819 1498 undis.
916 1458 963 1498 1005

98 1535 206 1568 1111’100130
218 1537 315 1570 Navress
328 1539 399 1571 RATIO
412 1539 463 1571 TUM
476 1539 554 1572 CAEOA
568 1538 673 1571 IAOEBAT

98 1601 157 1652 tum
175 1598 289 1668 penuria
308 1599 408 1654 deinde
427 1601 481 1654 cibi
498 1601 655 1669 languentia
674 1601 730 1655 leto

98 1675 221 1728 membra
240 1674 332 1742 dabat,
350 1681 447 1730 contra
463 1694 535 1730 nune
553 1693 646 1730 rerum
664 1677 743 1746 copia
760 1680 870 1736 mersat

97 1748 136 1802 illi
155 1749 333 1818 inprudentes
350 1753 402 1822 ipsi
421 1753 473 1806 sibi
491 1770 573 1822 saepe
591 1769 725 1806 vencnum

98 1827 256 1895 vergebant,
274 1829 369 1896 nuptis
386 1846 464 1882 0000
482 1828 550 1882 dant
568 1829 697 1883 sollertiu’
718 1829 817 1898 sponsi.
916 1842 963 1882 1010

133 1903 203 1956 Inde
221 1920 297 1958 casas
313 1908 376 1973 pest
394 1923 476 1974 quam
494 1921 525 1959 ac
543 1906 621 1973 pellis
638 1907 787 1974 ignemque
804 1909 944 1973 pararunt,

97 1980 127 2031 et
144 1979 242 2032 mulier
259 1981 402 2036 coniuncta
420 1981 477 2034 viro
495 1982 629 2036 concessit
647 1981 675 2034 in
693 1997 778 2034 unum

98 2055 249 2124 conubium,
268 2057 427 2126 prolemque
445 2074 479 2111 ex
498 2074 527 2111 se
544 2057 639 2112 videre
656 2061 785 2126 creatam,
938 2129 940 2133 ι

97 2135 156 2184 tum
174 2148 261 2200 genos
279 2134 426 2186 lunianum
442 2133 561 2202 primum
579 2133 736 2188 mollescere
754 2132 852 2202 coepit.

97 2209 168 2276 ignis
186 2209 257 2262 enim
275 2209 380 2264 curarit
397 2212 429 2262 ut
447 2208 515 2263 alsia
533 2227 648 2279 corpora
665 2210 752 2279 frigus
915 2223 963 2264 1010

96 2302 149 2338 non
167 2285 207 2339 ita
224 2286 278 2338 iam
296 2288 410 2355 possent
427 2285 494 2339 caeli
512 2285 562 2339 sub
580 2286 702 2354 tegmine
719 2287 801 2357 ferre,

96 2365 125 2415 et
146 2361 239 2414 Venus
257 2362 384 2416 inminuit
401 2363 466 2416 viris
483 2363 615 2431 puerique
633 2367 779 2432 parentum

96 2437 236 2494 blanditiis
253 2438 332 2492 facile
349 2439 488 2506 ingenium
506 2438 614 2506 fregere
633 2439 787 2508 superbum.
866 2445 868 2450 '

96 2517 162 2568 tune
180 2517 209 2568 et
226 2515 374 2570 amicitiem
391 2519 539 2584 coeperunt
556 2516 669 2583 iungere
686 2520 798 2570 aventes

97 2589 206 2644 finitimi
223 2591 297 2645 inter
315 2608 344 2646 se
362 2607 411 2645 nee
429 2590 540 2646 laedere
558 2608 608 2645 nec
625 2591 728 2657 violari,
916 2606 964 2646 1000

97 2668 126 2718 et
143 2683 242 2735 pueros
260 2667 487 2721 commendarunt
505 2667 693 2736 muliebreque
712 2670 838 2738 saeclum,

97 2741 207 2796 vocibus
224 2744 254 2796 et
270 2746 352 2810 gestu
369 2760 431 2797 cum
449 2743 530 2797 balbe
547 2743 733 2811 significarent

96 2816 292 2872 imbecillorum
311 2835 372 2872 esse
389 2836 483 2874 aecum
501 2819 657 2873 misererier
675 2821 769 2874 omnis.

93 2909 148 2949 nee
164 2897 258 2948 tamen
275 2895 438 2949 omnimodis
455 2898 564 2964 poterat
581 2895 725 2949 concordia
742 2897 825 2965 gigni,

97 2969 147 3022 sed
164 2968 235 3022 bona
253 2987 406 3040 magnaque
423 2987 488 3041 pars
505 2970 634 3024 servabat
652 2971 763 3026 foedera
781 2975 873 3038 000000Ι
914 2987 962 3027 1025

97 3048 145 3097 aut
162 3059 249 3110 genus
266 3045 415 3101 humanum
432 3047 486 3100 iam
504 3049 564 3099 tum
583 3047 654 3100 foret
672 3063 752 3102 omne
767 3051 941 3116 peremptum

95 3133 147 3172 nec
164 3121 299 3185 potuisset
317 3122 405 3176 adhuc
423 3121 576 3190 perducere
595 3123 684 3176 saecla
701 3139 828 3192 propago.

133 3195 174 3246 At
192 3195 281 3247 varios
299 3196 407 3264 linguae
424 3196 530 3250 sonitus
546 3200 646 3250 natura
664 3197 772 3264 subegit
