2244 3532
112 133 149 191 10
503 133 518 188 I

108 235 172 290 hinc
189 239 281 290 555555
299 253 359 290 5555
376 236 440 290 11555
458 253 520 289 raro
538 251 600 288 cum
618 251 731 303 corpore
749 251 853 290 cernas.

29 317 31 320 ’
108 312 137 364 in
155 312 229 365 saxis
247 329 279 365 ac
297 312 431 380 speluncis
448 315 592 381 permanat
610 327 743 380 aquarum
795 287 1000 364 W

108 387 230 456 liquidus
247 381 519 442 umor‘et'irberibus
537 387 604 440 flent
619 387 710 440 omnia
726 387 823 456 guttis.

109 464 226 532 dissipat
243 465 272 517 in
290 481 388 534 corpus
407 481 466 518 sese
484 464 569 522 cibus¹
580 480 660 517 omne
679 463 855 518 animantum.
924 478 961 518 555

109 544 235 595 crescunt
253 540 365 594 arbusta
383 545 412 594 et
429 540 503 594 ictus
521 541 549 592 iu
567 543 691 608 temporo
709 541 836 608 fundunt,

109 615 184 683 quod
201 615 278 670 cibus
295 616 323 670 in
340 620 413 671 totas
432 633 518 686 usque
536 615 572 670 ab
589 615 726 669 radicibus
743 617 805 670 imis

108 708 159 759 per
176 696 288 746 truncos
306 708 338 746 ac
354 709 404 761 per
421 709 512 746 ramos
530 690 695 745 diffunditur
712 693 805 745 omnis.

109 768 182 821 inter
199 771 294 836 saepta
311 772 404 822 meant
422 784 501 822 voces
519 771 549 822 et
565 768 657 821 clausa
674 767 818 820 domorum

106 843 308 911 transvolitant,
326 844 443 911 rigidum
460 847 604 912 permanat
622 843 709 910 frigus
726 843 763 896 ad
781 859 848 897 ossa.
924 858 960 898 355

109 918 184 987 quod
202 919 253 972 nisi
270 919 360 972 155515
378 920 440 986 sint,
459 936 513 988 qua
530 920 635 986 possint
652 935 765 988 corpora
782 935 908 988 quaeque

110 995 244 1050 transiret
268 995 342 1048 haud
360 995 415 1048 ulla
432 995 492 1048 fieri
509 995 617 1048 ratione
635 993 750 1048 videres.

110 1069 229 1138 denique
247 1087 294 1124 cur
312 1070 378 1124 alias
395 1071 455 1124 aliis
470 1075 614 1145 praestare
632 1070 757 1124 videmus

108 1146 294 1214 ponderares
312 1146 394 1200 rebus
412 1147 467 1200 nilo
482 1141 587 1200 maiore
606 1147 711 1214 figurat

109 1238 172 1275 nam
191 1223 213 1276 si
230 1223 420 1277 tantundemst
437 1223 465 1276 in
482 1224 559 1277 15555
578 1224 699 1291 glomere
717 1225 850 1292 quantum
923 1239 960 1278 555

109 1299 229 1366 corporis
246 1299 274 1352 iu
291 1298 403 1368 plumbo
421 1302 471 1367 est,
488 1299 651 1353 tantundem
670 1299 791 1368 pendere
807 1315 857 1368 par
874 1302 925 1368 555,

94 1373 230 1442 'corporis
248 1375 391 1430 officiumst
410 1375 536 1444 quoniam
554 1391 680 1444 premere
698 1375 789 1428 omnia
807 1375 942 1444 deorsum,

109 1454 205 1504 contra
222 1455 314 1504 autem
333 1454 431 1504 natura
448 1454 541 1505 manet
559 1451 616 1504 sine
634 1451 756 1520 pondere
773 1449 868 1504 inanis.

110 1542 175 1593 ergo
194 1526 268 1593 quod
286 1530 442 1594 magnumst
459 1543 548 1595 aeque
567 1527 708 1595 leviusque
724 1527 844 1595 videtur,
857 1522 942 1534 'N‘

109 1601 237 1654 nimirum
255 1601 317 1670 plus
335 1618 395 1655 esse
413 1602 465 1655 sibi
483 1602 605 1658 declarat
622 1603 725 1667 inanis;
922 1617 959 1656 555

109 1681 139 1743 55
157 1681 253 1730 contra
270 1677 379 1744 gravius
396 1678 458 1746 plus
474 1678 502 1730 in
521 1694 550 1731 55
569 1678 689 1747 corporis
707 1694 766 1732 esse

109 1752 219 1806 dedicat
237 1757 266 1807 et
283 1753 370 1806 multo
388 1753 465 1806 vacui
482 1753 572 1806 minus
590 1755 668 1807 intus
682 1753 792 1808 habere.

109 1832 152 1882 cst
170 1829 253 1896 igitur
271 1829 397 1882 nimirum
415 1828 444 1881 id
463 1828 536 1897 quod
554 1829 660 1883 ratione
680 1830 769 1898 sagaci

109 1906 271 1974 quaerimus,
289 1905 441 1958 adunatum
459 1905 549 1973 rebus,
567 1905 642 1974 quod
658 1906 739 1960 inane
755 1923 888 1962 vocamus.

143 1981 218 2034 illud
234 1981 262 2033 in
280 1981 322 2033 his
340 1980 422 2034 rebus
440 1998 475 2035 ne
492 1985 521 2035 55
540 1981 676 2036 deducere
694 1998 759 2036 vero
921 1999 958 2040 555

109 2057 202 2125 possit,
221 2055 296 2125 quod
314 2056 425 2125 quidam
443 2057 558 2125 fingunt,
575 2074 754 2127 praecurrere
771 2076 859 2128 cogor.

76 2169 78 2173 -
108 2133 206 2188 cedere
224 2133 404 2202 squamigeris
420 2133 516 2188 latices
533 2134 685 2188 nitentibus
703 2135 780 2190 aiunt

108 2213 137 2263 et
154 2208 272 2279 liquidas
290 2210 397 2278 aperire
415 2209 479 2278 rias,
497 2211 560 2278 quia
576 2214 639 2280 post
657 2211 716 2265 loca
733 2211 821 2280 pisces

107 2285 239 2354 linquant,
258 2302 312 2354 quo
330 2286 435 2354 possint
452 2287 581 2341 cedentes
599 2287 734 2342 confluere
752 2288 849 2342 undae.

107 2363 146 2415 sic
164 2362 230 2415 51155
248 2378 357 2430 quoque
374 2380 418 2417 res
436 2364 509 2417 inter
526 2381 556 2418 se
574 2379 653 2432 posse
671 2365 774 2418 moveri
919 2381 957 2422 555

107 2441 136 2492 55
153 2442 261 2492 mutare
279 2439 375 2507 locum,
393 2441 515 2509 quamvis
533 2442 588 2495 sint
606 2441 696 2494 omnia
712 2441 800 2510 plena.

48 2558 51 2564 .
107 2513 210 2569 scilicet
227 2515 257 2568 id
274 2515 342 2568 salsa
359 2519 449 2570 totum
467 2513 766 2586 ratior'rdreceptumst.

106 2607 169 2645 nam
187 2608 242 2660 quo
260 2592 424 2660 squamigeri
442 2596 573 2661 poterunt
590 2593 739 2661 procedere
756 2595 876 2664 tandem,

106 2667 134 2720 ni
153 2669 271 2736 spatium
291 2666 419 2720 dederint
436 2668 545 2722 15515551
564 2669 714 2723 concedere
732 2687 813 2738 porro
917 2730 920 2735 ,

107 2759 161 2812 quo
179 2746 311 2812 poterunt
328 2743 426 2810 undae,
444 2760 505 2797 cum
523 2743 613 2812 pisces
630 2745 671 2798 ire
688 2745 859 2814 nequibunt?
919 2763 956 2802 555

106 2824 154 2874 555
171 2819 255 2888 igitur
272 2823 349 2872 motu
366 2820 556 2888 privandumst
574 2827 687 2889 empore
706 2837 831 2890 quaeque

106 2898 155 2949 aut
172 2912 232 2949 esse
249 2895 401 2950 admixtum
420 2896 596 2952 dicundumst
613 2896 697 2950 rebus
714 2898 793 2952 inane

106 2971 180 3025 unde
197 2971 296 3025 initum
312 2972 430 3041 primum
449 2973 539 3041 capiat
556 2989 601 3026 res
619 2990 744 3042 quaeque
761 2973 896 3028 movendi.

106 3051 245 3115 postremo
264 3048 318 3101 duo
337 3048 372 3102 de
390 3043 522 3103 concursu
539 3065 653 3118 corpora
669 3049 739 3104 lata·

107 3122 129 3174 si
147 3123 201 3176 5155
218 3122 361 3192 dissiliant,
378 3141 477 3194 nempe
495 3142 543 3180 aer
560 3142 640 3181 omue
657 3129 803 3194 necessest,
918 3147 954 3187 aas

105 3198 177 3254 inter
194 3215 309 3270 corpora
326 3201 400 3268 quod
418 3202 473 3266 fiat,
491 3202 614 3270 possidat
632 3202 718 3256 inane.
