2234 3526
112 127 174 185 170·
512 119 559 174 Vl

108 229 211 283 vertice
227 227 263 280 dc
281 225 381 279 montis
398 223 544 277 videantur
561 240 673 290 surgere
691 226 718 278 in
736 225 868 280 aethram

108 322 170 359 nam
188 304 246 357 loca
264 302 386 356 declarat
404 317 511 354 sursum
529 302 641 352 ventosa
658 305 754 369 patero

107 398 152 435 res
168 380 229 450 ipsa
247 383 276 432 et
294 395 396 444 sensus,
415 377 515 430 montis
532 393 593 429 cum
612 377 783 433 ascendimus
801 381 879 434 altos.

107 461 250 528 praeterea
268 454 404 524 permulta
422 455 490 507 nrari
508 470 616 522 quoquc
634 455 731 509 tollere
748 460 809 511 tcto
926 473 965 514 tuo

107 549 221 602 corpora
238 536 365 585 naturam
384 530 525 584 declarant
542 530 623 584 litore
640 535 733 586 vestes

108 627 262 679 suspensae,
280 626 342 662 cum
360 607 515 676 concipiunt
533 608 635 661 umoris
653 608 809 663 adhaesum.

108 704 162 756 quo
180 687 266 755 magis
284 685 321 739 ad
339 684 417 737 nubis
437 683 576 752 augendas
596 685 682 738 multu
699 686 828 740 ridentur

108 781 187 832 posse
206 779 314 832 quoque
333 779 348 816 e
367 761 437 814 salso
457 777 623 829 consurgere
641 763 760 816 momine
778 764 871 832 ponti;

48 874 51 880 ·
108 856 171 893 nam
189 839 259 892 ratio
278 838 502 905 consanguineast
520 837 660 890 umoribus
678 838 744 891 ollis.
926 854 964 895 475

109 920 251 986 practerea
269 915 356 967 fluviis
374 931 408 967 ex
426 913 551 966 omnibus
569 919 599 967 ct
617 913 696 966 simul
715 915 774 982 ipsa

109 1009 221 1061 surgere
239 991 274 1046 de
292 995 367 1044 terro
384 989 497 1042 nebulas
516 995 678 1059 aestumque
695 992 826 1058 videmus,

109 1087 179 1139 quae
197 1068 271 1122 velut
288 1066 389 1122 halitus
406 1066 469 1119 hinc
486 1066 527 1120 ita
544 1082 652 1119 sursum
669 1083 800 1136 expressa
817 1068 946 1122 feruutur

109 1145 322 1212 suffunduntque
341 1159 389 1196 sua
406 1141 510 1196 caelum
529 1143 644 1210 ealigine
662 1146 692 1197 et
709 1143 779 1196 altos

109 1221 244 1275 sufficiunt
262 1219 340 1272 nubis
358 1219 490 1287 paulatim
508 1219 701 1274 conveniendo.
925 1237 964 1274 eso

108 1302 190 1366 urget
209 1297 280 1350 enim
299 1312 409 1364 quoque
428 1295 549 1363 signiferi
568 1312 650 1364 super
667 1296 787 1350 aetlreris
804 1301 898 1350 aestus

54 1403 56 1408 v
109 1377 138 1428 et
156 1375 233 1443 quasi
252 1373 390 1426 densendo
409 1372 531 1426 subtexit
549 1373 656 1426 caerula
674 1372 779 1427 nimbis.

109 1451 142 1504 fit
160 1468 268 1520 quoque
285 1453 317 1504 ut
335 1449 388 1503 buc
407 1450 516 1503 veniant
534 1449 562 1501 in
580 1442 683 1502 eoelum
702 1452 870 1506 extrinsecus
887 1453 935 1506 illu

109 1545 222 1598 corpora
240 1543 310 1595 quac
329 1526 432 1580 faciunt
450 1526 530 1579 nubis
548 1524 707 1595 nimbosque
725 1528 848 1582 voluntis.

108 1603 333 1658 innumerabilem
342 1603 414 1655 enim
424 1619 565 1655 numerum
576 1605 901 1672 sumniamqueprcfundi
925 1622 963 1660 sss

110 1697 169 1735 esse
186 1680 318 1733 infinitam
338 1678 425 1746 docui,
444 1682 600 1748 quantaque
618 1679 741 1733 volarent

108 1772 223 1822 corpora
240 1755 392 1808 mobilitate
411 1755 519 1809 ostendi
538 1763 675 1824 quamque
693 1761 806 1823 repente

110 1831 314 1884 inmemorabile
329 1847 384 1898 per
404 1832 522 1900 spatium
540 1832 658 1885 transire
676 1833 801 1887 solerent.

109 1909 177 1959 haut
193 1907 279 1973 igitur
297 1908 425 1960 mirumst
443 1907 466 1958 si
484 1918 568 1974 parvo
588 1909 712 1975 tempore
730 1926 811 1980 saepe

109 1987 166 2036 tam
182 1983 287 2049 maguis
305 1982 404 2035 nimbis
422 1987 572 2050 tempestas
590 1987 674 2052 atque
692 1986 822 2040 tenebrae
925 2003 963 2043 sac

110 2059 250 2128 coperiuut
266 2058 353 2112 maria
371 2075 402 2111 ac
421 2062 510 2111 terras
528 2059 641 2126 inpensa
660 2077 784 2131 superne,

111 2136 231 2205 undiquc
250 2134 470 2203 quandoquidem
488 2152 537 2204 per
556 2136 647 2190 caulas
667 2139 786 2192 aetheris
804 2142 891 2195 omnis

111 2218 140 2285 et
158 2213 235 2283 quasi
252 2229 302 2282 per
320 2212 411 2280 magni
430 2212 532 2266 circum
551 2212 684 2282 spiracula
702 2216 796 2269 mundi

111 2293 200 2346 exitus
217 2289 400 2359 introitusque
419 2290 561 2344 clementis
579 2289 704 2343 redditus
722 2296 806 2346 extat.

146 2368 171 2420 N
174 2384 225 2421 unc
243 2383 300 2434 age,
319 2383 372 2434 quo
390 2371 471 2434 pacto
489 2368 595 2433 pluvius
613 2374 769 2423 concrescat
786 2371 812 2421 in
831 2371 894 2424 eltis
925 2387 961 2425 scs
1032 2396 1035 2402 ·
1058 2411 1061 2420 .

110 2444 228 2498 nubibus
245 2460 324 2496 umor
342 2445 370 2496 ct
388 2443 416 2495 in
434 2447 522 2496 terras
541 2444 674 2497 demissus
692 2448 724 2497 ut
741 2445 829 2499 imber

111 2521 227 2588 decidat,
246 2520 397 2589 expediam.
415 2520 532 2589 primum
551 2521 605 2572 iam
623 2521 727 2574 semina
744 2523 823 2590 aquai

110 2599 198 2652 multa
216 2596 294 2649 simul
312 2597 417 2649 vincam
434 2614 597 2666 consurgere
615 2597 732 2650 nubibus
750 2598 815 2666 ipsis

111 2675 235 2729 omnibus
252 2691 287 2728 ex
305 2673 387 2727 rebus
404 2671 562 2744 pariterque
580 2674 619 2728 ita
637 2691 760 2729 cresccre
777 2680 931 2745 utrumque,

110 2757 139 2807 et
151 2752 231 2806 nubis
244 2755 272 2805 ct
284 2767 383 2820 aquam
396 2767 580 2820 quaecumque
592 2751 620 2803 in
632 2751 750 2805 nubibus
763 2756 847 2821 extat,
924 2769 961 2808 oco

40 2832 43 2836 ’
110 2833 142 2884 ut
159 2829 264 2898 pariter
281 2827 359 2881 uobis
378 2844 476 2897 corpus
495 2843 557 2880 cum
576 2832 706 2899 sanguine
723 2831 828 2897 erescit,

111 2907 195 2960 sudor
204 2908 271 2961 item
281 2910 364 2974 atque
374 2921 453 2958 umor
463 2907 625 2974 quicumque
636 2912 678 2961 cst
687 2907 805 2977 deniqne
813 2906 951 2960 membris.

111 2983 265 3050 concipiunt
283 2983 366 3037 etiam
384 2982 501 3035 multum
520 2999 628 3052 quoquc
646 3001 728 3052 saepe
745 2985 878 3038 marinum

110 3074 240 3124 umorem,
259 3059 343 3112 veluti
362 3059 511 3127 pendentia
529 3059 629 3114 vellera
647 3061 731 3130 lanae,

52 3137 55 3146 ⁴
110 3149 172 3185 curn
191 3149 287 3201 supera
304 3150 432 3200 magnum
450 3151 524 3188 mare
542 3137 616 3188 venti
634 3137 728 3190 nubila
745 3141 862 3206 portant.
924 3151 961 3192 ⁵05

111 3208 240 3261 consimili
259 3209 364 3261 ratione
383 3225 415 3260 cx
435 3211 559 3264 omnibus
577 3215 701 3267 sirenibus
719 3231 797 3267 umor

1101 2803 1103 2898 l

1096 2905 1103 2958 l
