2244 3532
550 169 605 206 XXV

153 286 325 342 animantia
361 305 424 342 nam
441 288 468 341 in
486 288 617 357 singulari
635 305 749 342 numero
762 289 851 342 utitur
864 289 1009 344 Lucretius

155 372 293 427 adiectivo
306 372 451 440 animatis,
464 373 636 428 substantivo
647 373 761 427 animal
772 389 825 426 non
837 374 932 427 utitur.

208 445 477 528 741pr0'libr0rum
503 476 569 521 nour
593 475 684 522 arcun
704 475 825 514 nonnus
847 474 914 513 orsu
933 459 1008 514 nolui

49 574 53 594 ·
154 565 218 601 cum
231 548 404 602 Lachmanno
416 549 481 617 equi
493 565 560 602 occu
571 553 655 616 etque
666 547 793 603 tenuta
805 546 933 602 scribere.
997 552 1005 567 “

210 636 258 690 761
283 649 334 701 pro
355 648 479 686 unumne
503 648 568 686 vmn
592 632 695 701 optime
715 632 879 701 Bernaysius
898 631 1008 687 rellicta

154 719 222 773 vite.
257 719 331 774 idem
343 724 408 774 ante
420 737 482 774 eum
495 720 641 774 coniecisse
654 721 765 774 videtur
778 721 814 773 ls.
825 718 946 786 Vossius,
960 718 1006 787 qui

153 805 183 860 in
206 807 329 875 margine
350 808 514 876 exemplaris
538 808 603 863 edit.
624 807 714 876 Fabri,
737 808 811 878 quod
835 824 923 876 nuper
946 822 1007 860 meo

153 907 219 946 aare
229 892 330 960 paravi,
343 891 409 946 haec
422 893 576 962 adscripsit,
591 893 715 948 ‘Relicta
728 894 788 946 cita
806 892 897 946 malim
914 895 1007 945 tamen

156 975 277 1031 Reddita
298 977 389 1031 media
412 977 547 1046 producta
568 982 600 1032 ut
619 977 782 1034 Salmasius.
818 977 1008 1030 Lachmannus

154 1061 278 1116 Reddita
288 1079 343 1131 pro
357 1063 423 1118 otta.

207 1151 257 1205 783
269 1165 319 1218 pm
331 1165 447 1202 rnuusu
466 1164 581 1203 oonnrsn
600 1149 695 1218 scripsi
709 1155 811 1202 terrast
822 1149 911 1203 cordi.
948 1165 1005 1203 sae

153 1235 265 1303 pissime
276 1235 451 1290 membranae
463 1237 514 1290 hoc
525 1242 550 1289 ct
561 1235 650 1290 alieno
662 1251 756 1289 versus
768 1235 827 1288 loco
838 1238 950 1304 ponunt.

208 1323 265 1378 795.
303 1321 419 1375 Frustra
437 1322 488 1374 hoc
504 1320 646 1375 contendit
658 1320 856 1389 harmannus,
868 1321 896 1373 in
914 1321 1006 1375 verbis

154 1413 277 1475 tempore
291 1413 323 1462 ia
335 1425 392 1462 eoo
404 1408 543 1476 Tempore
555 1408 647 1462 multe
658 1407 752 1476 lateat,
763 1408 839 1462 ratio
852 1424 923 1476 quae
934 1424 1006 1462 coen·

153 1493 230 1561 perit
246 1511 299 1549 esce
318 1494 482 1548 seutentiam
500 1493 652 1562 perlectam
665 1499 695 1548 et
706 1492 858 1547 absolutam
874 1492 1005 1548 concludi.

153 1597 216 1634 nam
234 1583 403 1650 ineptissime
421 1582 488 1636 haec
506 1581 670 1647 dicerentur,
684 1581 736 1634 nisi
753 1587 874 1649 tempere
893 1581 928 1634 ia
947 1597 1006 1634 uae

153 1667 306 1722 accuratius
322 1667 492 1722 definiretur.
530 1683 615 1736 quare
631 1670 680 1724 775
700 1666 810 1735 scripsit
827 1670 909 1735 poeta
921 1665 1006 1720 sena-

153 1759 362 1827 bili...tcmporc
380 1758 413 1810 ia
431 1774 495 1812 ano.
532 1774 644 1826 prorsus
661 1756 736 1810 idern
750 1756 778 1808 in
790 1772 872 1809 versu
884 1757 933 1812 795
945 1754 1005 1822 plu-

153 1843 228 1898 ribus
249 1844 339 1897 verbis
360 1844 457 1898 effecit.
493 1860 557 1898 nam
575 1847 705 1912 corrupta
722 1843 790 1896 haec
804 1841 1005 1896 (lousnurrnus

154 1947 183 1983 m
202 1946 251 1984 usu
270 1945 328 1984 eun
349 1946 403 1984 vox
422 1946 578 1984 sumemus
596 1944 654 1982 uun
669 1929 707 1981 sic
723 1928 822 1982 leniter
834 1925 1005 1981 emendanda

153 2022 218 2074 sunt
234 2021 308 2075 Cam
331 2019 470 2073 scutimus
493 2019 532 2085 id,
551 2025 576 2073 et
599 2035 665 2073 cum
688 2034 740 2070 ece
767 2015 911 2070 mittitur
936 2031 1004 2068 aaa.

153 2103 319 2159 Lachmanni
335 2104 470 2158 rationem
491 2103 651 2169 intellegere
669 2117 723 2154 non
742 2116 860 2169 possum,
879 2098 927 2167 qui
945 2113 1004 2150 ver-

153 2205 213 2241 sum
232 2187 271 2242 sic
288 2191 425 2242 mutatum
440 2187 522 2252 Quod
540 2186 678 2240 sentimus
694 2185 727 2238 id
737 2191 783 2251 est,
797 2200 817 2240 e.
830 2200 853 2236 c.
865 2198 885 2236 e.
899 2199 926 2236 a.
939 2183 1004 2235 ante

153 2275 203 2330 783
215 2273 354 2329 transfert.

204 2362 317 2426 saepto
329 2371 425 2411 lusson
438 2356 620 2422 scribendum,
630 2354 682 2407 nisi
690 2351 775 2420 fallor,
785 2349 1003 2417 ceasiapagina

151 2444 292 2513 archetypi
305 2448 361 2510 171,
375 2461 445 2513 quae
457 2443 511 2498 fuit
525 2443 553 2497 in
569 2443 669 2496 dextra
685 2439 803 2493 schedae
817 2439 904 2505 parte,
921 2435 1004 2491 desiit

151 2531 179 2584 in
196 2546 277 2584 versu
291 2533 349 2588 827.
371 2528 537 2596 casualiquo
552 2532 611 2582 tres
628 2529 769 2580 extremae
783 2522 894 2576 litterae
906 2537 1003 2575 versus

152 2620 203 2670 826
215 2631 287 2682 mec,
300 2618 329 2670 et
342 2617 466 2668 extrema
477 2614 558 2668 huius
568 2628 662 2668 versus
675 2616 724 2666 823
737 2608 911 2678 operierunt.
926 2605 1003 2660 dein-
1044 2675 1046 2680 ,

153 2701 188 2755 de
200 2717 234 2754 ax
247 2715 318 2767 quea
329 2699 408 2754 facile
421 2702 513 2753 ortum
526 2702 569 2754 est
581 2698 638 2765 eto,
650 2714 685 2751 ex
697 2695 786 2750 caecet
799 2696 892 2746 autem
906 2691 1001 2744 inesse.

204 2791 263 2854 836,
283 2791 353 2839 aete
371 2802 431 2839 cum
447 2789 543 2854 aptum
565 2801 673 2839 sensum
691 2780 830 2853 praebeat,
848 2777 921 2830 nolui
940 2793 1002 2831 cum

152 2871 325 2926 Lachmanno
336 2879 439 2926 aetum
451 2871 578 2927 scribere.

204 2965 254 3014 862
266 2978 325 3030 sqq.
335 2959 457 3013 oratione
466 2959 563 3012 melius
576 2956 713 3023 distincta,
721 2951 810 3007 omnia
819 2949 900 3019 plana
913 2953 1000 3003 erunt.

49 3112 53 3121 ι
151 3047 245 3117 itaque
257 3046 304 3099 lini
320 3061 415 3098 versus
434 3050 485 3098 864
503 3043 597 3096 incisio
615 3045 730 3104 tantum,
747 3054 801 3090 non
819 3034 899 3104 plena
917 3034 1001 3087 inter-

152 3132 262 3200 punctio
274 3129 433 3185 subicienda
445 3134 495 3182 est.
517 3129 568 3182 hoc
582 3145 636 3181 non
652 3121 1001 3189 intellecto‚Laehn1annus

153 3221 244 3330 86330t
257 3221 308 3272 864
320 3213 495 3282 transposuit.
