2244 3532
413 505 441 560 Τ.
461 506 627 561 LUORETI
647 508 741 563 CARI

255 668 336 745 DE
376 672 595 748 RERUM
635 675 901 750 NATURA

414 863 542 912 LIBER
566 864 740 915 PRIMUS.

522 1041 624 1071 -0-

156 1224 317 1279 Aeneadum
335 1225 470 1292 genetrix,
488 1225 629 1279 hominum
648 1226 793 1295 divomque
811 1227 942 1295 voluptas,

155 1302 227 1355 alnra
245 1301 346 1362 Venus,
365 1301 787 1388 cherQ

155 1393 226 1447 qnae
243 1393 318 1428 mare
337 1392 502 1443 navigerum,
521 1393 592 1443 quae
610 1381 699 1430 terras
717 1376 902 1445 frugiferentis

155 1452 337 1518 concelebras,
357 1465 405 1520 per
424 1455 453 1506 te
472 1453 600 1521 quoniam
619 1469 705 1520 genus
723 1469 802 1506 omne
819 1453 986 1505 animantur

154 1528 306 1597 concipitur
323 1529 440 1595 visitque
458 1532 585 1582 exertum
604 1528 706 1581 lumina
724 1529 794 1582 solis.
997 1541 1010 1580 ε

154 1610 191 1673 te,
209 1605 269 1674 dea,
287 1609 316 1659 te
334 1604 442 1672 fugiunt
461 1605 544 1672 venti,
563 1604 703 1658 tc'nubila
720 1605 788 1659 caeli

154 1683 357 1750 adventumque
374 1685 460 1748 tuum,
479 1681 530 1734 tibi
549 1681 639 1735 suavis
678 1681 774 1735 aedala
792 1681 873 1735 tellus
913 1657 940 1786 ξ

156 1760 302 1814 summittit
320 1759 407 1826 florea,
426 1758 478 1812 tibi
498 1758 592 1812 rident
611 1776 643 1813 ae
664 1776 731 1812 uera
748 1760 825 1830 penti
858 1791 901 1822 η.

154 1837 345 1907 placatumque
363 1836 435 1889 nitet
454 1777 672 1889 dinam
680 1823 802 1906 ⁴eaelum.

154 1931 217 1969 nam
235 1914 315 1968 simul
334 1929 365 1966 ae
384 1913 488 1981 species
510 1912 676 1980 patefactast
694 1929 778 1966 verna
795 1913 850 1967 diei
989 1926 1013 1965 ιο

154 1995 184 2046 et
201 1993 324 2044 reserata
341 1989 416 2058 viget
437 1988 595 2056 genitabilis
614 2005 680 2042 aura
697 1989 795 2055 favoni,

154 2068 244 2122 aeriae
262 2067 379 2136 primum
400 2066 524 2120 volucres
544 2069 579 2132 tc,
598 2065 668 2131 diva,
687 2069 820 2133 tuumque

155 2143 309 2212 significant
326 2143 425 2197 initum
444 2143 592 2212 perculsae·
604 2142 687 2196 cerda
704 2145 753 2196 tua
770 2141 804 2195 ri,

112 2238 134 2270 a
156 2220 219 2275 inde
236 2221 311 2274 ferae
328 2218 447 2288 pecudes
467 2219 622 2288 persultant
639 2218 740 2287 pabula
757 2218 829 2272 laeta

113 2311 135 2344 1⁴
156 2302 186 2352 et
202 2297 313 2367 rapidus
331 2297 442 2350 tranant
462 2295 562 2350 amnis:
581 2295 621 2348 ita
638 2298 719 2363 capta
736 2294 829 2362 lepore
992 2310 1014 2346 15

157 2377 185 2428 tc
203 2374 327 2440 sequitur
345 2371 443 2438 cupide
463 2386 516 2436 quo
539 2386 676 2438 quamque
693 2369 822 2422 inducere
840 2369 939 2436 pergis.

156 2450 276 2516 denique
293 2465 344 2516 per
361 2447 447 2500 maria
470 2463 501 2499 ac
520 2446 620 2499 montis
638 2446 788 2514 fluviosque
805 2447 911 2515 rapacis

155 2525 374 2592 frondiferasque
393 2523 488 2576 dumos
508 2523 598 2576 avium
617 2538 781 2591 camposque
799 2521 912 2576 virentis

157 2601 283 2656 omnibus
301 2601 434 2654 incutiens
454 2598 583 2652 blandum
606 2616 656 2668 pcr
673 2603 785 2667 pectora
802 2614 921 2653 amorem
940 2641 942 2646 ,

158 2678 241 2734 efficis
259 2682 291 2733 ut
309 2675 407 2748 cupide
426 2677 580 2745 generatim
601 2676 689 2731 saecla
706 2681 865 2748 propagent.
993 2693 1016 2730 20

158 2772 229 2825 quae
247 2755 374 2824 quoniam
393 2770 484 2808 rerum
506 2758 633 2808 naturam
652 2753 713 2809 sola
725 2755 863 2824 gubernas

158 2848 209 2896 nec
227 2832 332 2886 sinete
350 2832 494 2900 quiequam
515 2830 574 2885 dias
591 2832 621 2884 in
640 2832 749 2886 luminis
767 2849 829 2886 eras

161 2908 283 2962 exeritur
301 2924 391 2977 neque
409 2908 441 2961 fit
458 2908 561 2962 laetum
580 2925 670 2976 neque
689 2908 805 2962 amabile
822 2907 975 2977 quicquam,

162 2989 191 3038 te
209 2983 307 3038 sociam
325 2983 423 3038 studeo
442 2983 594 3038 scribendis
613 2984 736 3038 versibus
754 3000 814 3038 esse

163 3076 231 3130 ques
249 3075 300 3126 ego
318 3058 353 3113 de
371 3076 464 3114 rerum
482 3063 580 3114 natura
597 3076 717 3128 pangere
736 3076 818 3114 coner
993 3073 1017 3111 25

163 3135 346 3190 Memmiadae
364 3139 458 3194 nostro
476 3153 557 3204 quem
575 3139 614 3204 tu,
632 3135 692 3202 dea,
710 3138 833 3203 tempore
851 3135 880 3188 in
898 3134 970 3188 omni
1006 3203 1010 3211 Ι

164 3211 287 3265 omnibus
306 3216 431 3266 ornatum
451 3212 560 3266 voluisti
578 3211 712 3265 excellere
730 3211 819 3266 rebus.
