2252 3530
967 153 1003 212 87

154 274 203 326 hoc
222 291 250 326 so
270 273 385 342 quisque
403 272 484 326 modo
502 271 572 338 fugit
590 273 627 336 (at
645 288 726 338 quem
745 267 854 338 scilieet,
872 274 905 325 ut
922 271 963 338 lit,

154 349 273 417 effugere
290 350 357 404 haut
374 349 446 418 potis
464 352 514 415 est,
532 347 646 415 ingratis
663 346 767 414 haeret)
786 352 815 401 et
833 348 892 402 odit
935 413 940 424 ⁸

153 432 306 496 propterea,
325 426 412 480 morbi
432 425 496 494 quia
513 441 622 478 eausam
639 440 693 476 nou
711 426 789 478 tenet
806 442 902 493 ueger3
962 439 1009 479 1070

102 506 110 518 “
155 520 236 572 quam
254 502 324 556 beno
343 503 365 555 si
385 502 484 565 videat
502 502 556 554 iam
575 500 657 554 rebus
676 502 791 570 quisquo
808 502 911 556 relictis

155 582 282 632 naturam
301 580 417 648 primum
436 577 547 631 studeat
564 594 726 645 cognoscere
745 595 843 645 rerum,

155 655 287 722 temporis
308 654 414 708 aeterni
433 655 567 720 quoniam,
585 669 639 705 nou
657 653 737 706 unius
756 653 845 722 horae,

155 731 304 799 ambigitur
322 733 417 797 status,
434 730 463 782 in
481 747 535 798 quo
554 729 589 783 sit
607 729 766 783 mortalibus
784 731 872 783 omnis

156 810 238 871 aetas,
251 810 313 874 post
325 809 442 860 mortem
455 822 526 875 quuo
538 809 626 859 restat
640 822 755 874 cumque
768 805 910 860 manenda
963 819 1010 860 107⁵

192 883 315 950 Denique
333 885 410 936 tanto
428 898 509 950 opero
527 883 555 934 iu
574 881 665 934 dubiis
684 883 823 951 trepidare
841 882 949 951 periclis

156 976 226 1029 quae
244 959 315 1012 mala
332 975 381 1012 nos
399 958 500 1026 subigit
518 959 584 1011 vitai
603 961 682 1011 tauta
699 959 815 1027 oupldol

156 1040 231 1091 certa
249 1035 360 1104 quidem
379 1035 440 1086 fluis
458 1035 530 1088 vitae
548 1034 708 1088 mortalibus
726 1035 818 1088 adstat

156 1129 206 1166 nec
224 1111 340 1165 devitari
359 1111 444 1164 letum
463 1114 527 1178 pote
546 1111 611 1178 quin
630 1110 768 1164 obeamus.

157 1192 300 1258 praeterea
318 1203 457 1240 versamur
474 1186 577 1239 ibidem
596 1190 680 1254 atquo
698 1188 820 1242 insumus
837 1204 924 1256 usquo
963 1202 1012 1238 roso

157 1281 208 1318 nee
225 1281 294 1317 nova
312 1262 426 1316 vivendo
444 1261 605 1331 procuditur
623 1263 678 1314 ulla
696 1263 828 1332 voluptas.

158 1342 208 1396 sed
226 1341 292 1394 dum
310 1340 388 1393 abest
407 1339 480 1408 quod
499 1355 616 1404 avemus,
635 1338 663 1391 id
682 1356 846 1408 exsuperare
864 1338 973 1393 videtur

158 1421 265 1482 cetera3
282 1419 345 1485 post
364 1415 439 1481 aliut,
458 1433 518 1468 cum
537 1415 651 1482 contigit
668 1415 743 1482 illud,
761 1432 872 1470 avemus

158 1497 188 1548 et
206 1494 266 1547 sitis
284 1509 371 1561 aequa
389 1496 466 1546 terret
485 1491 550 1544 vitai
569 1508 676 1558 semper
693 1491 800 1545 hiantis

158 1574 322 1640 posteraque
334 1569 362 1622 in
376 1569 487 1622 dubiost
500 1569 636 1621 fortunam
651 1585 730 1635 quam
744 1568 827 1623 vehat
839 1571 922 1637 aetas,
965 1582 1012 1621 ross

159 1646 259 1716 quidve
277 1646 347 1699 serat
366 1645 443 1698 nobis
462 1663 538 1698 casus
558 1644 638 1713 quive
658 1645 748 1698 exitus
767 1645 858 1699 instet.

160 1740 209 1778 noo
225 1739 350 1791 prorsum
370 1722 453 1774 vitam
473 1721 598 1774 ducendo
618 1720 751 1774 demimus
769 1721 852 1774 lrilum

160 1803 284 1867 tompore
302 1799 337 1851 do
356 1799 451 1851 mortis
470 1815 519 1852 nec
535 1797 659 1851 delibare
677 1797 805 1863 valemus,

160 1893 216 1945 quo
233 1875 321 1927 minus
339 1892 399 1928 esso
418 1874 465 1927 diu
483 1875 617 1943 possimus
636 1874 707 1927 forte
724 1874 865 1942 perempti.

160 1950 275 2021 proinde
292 1951 356 2004 licet
373 1953 441 2021 quot
458 1951 498 2003 ris
516 1950 630 2004 vivendo
649 1949 766 2004 condere
783 1950 884 2013 saecla;

162 2044 234 2080 mors
252 2030 363 2081 aeterna
381 2031 472 2081 tamen
490 2027 543 2080 nilo
562 2026 651 2078 miuus
669 2024 715 2078 illa
732 2025 861 2090 mauebit,

139 2120 143 2128 ·
162 2120 213 2157 uec
231 2104 319 2158 minus
337 2103 382 2156 ille
401 2103 448 2156 diu
466 2103 519 2155 iam
538 2119 590 2154 nou
608 2101 669 2168 erit,
687 2118 721 2155 ex
738 2100 870 2153 hodierno

162 2180 264 2248 lumino
283 2180 329 2249 qui
347 2180 426 2231 finem
446 2179 511 2232 vitai
529 2179 601 2244 feeit,
620 2180 649 2230 et
666 2176 718 2237 ille,

163 2256 301 2310 mensibus
319 2257 402 2322 atque
419 2253 495 2306 armis
513 2253 560 2321 qui
577 2251 671 2305 multis
687 2249 785 2303 occidit
803 2255 874 2304 amo.
