2252 3530
823 217 851 236 ν

132 226 138 237 ’
164 255 223 294 esse
242 257 331 308 nequo
349 241 457 294 omuino
531 241 536 254 '
570 243 742 302 mucronibus
760 261 837 314 unca,

162 317 315 385 sedrnagis
333 316 447 385 angellis
464 334 574 386 pauunr
592 320 773 386 prestantibu’
792 321 896 389 quique

161 393 274 447 titillare
292 394 379 460 magis
398 410 491 447 sensus
508 410 591 462 quam
609 395 719 450 laedere
738 399 857 466 pessint;
878 401 997 458 ΜΗ
1017 377 1075 453 ed
1109 456 1120 468 ,

160 471 249 523 fecula
266 469 319 522 iarn
339 486 391 537 que
410 470 445 523 de
462 486 563 538 genero
582 455 785 542 es'l'ln'rllacque
804 490 919 542 sapores.
971 489 1007 529 sse

162 546 278 615 denique
297 546 351 598 iarn
369 545 472 599 calidos
490 546 560 613 ignis
578 547 750 616 gelidamque
768 550 893 619 pruinam

161 622 286 677 dissimili
305 620 418 676 dentata
436 623 516 677 inodo
536 640 707 692 conpungere
726 642 821 678 sensus

160 699 289 769 corporis,
308 697 407 752 indicio
426 698 504 752 nobis
523 703 566 753 est
583 704 675 754 tactus
692 706 815 769 uterque.

159 779 250 831 taetus
267 776 347 840 euim,
367 778 464 840 tactus,
483 793 532 844 pro
552 777 644 831 divum
664 778 774 831 numina
791 783 890 846 sancta

160 853 281 922 corperis
300 856 342 904 est
361 868 463 919 sensus,
484 853 525 906 vel
545 870 606 907 curn
625 871 669 906 res
687 861 782 907 extera
800 871 859 908 sese
974 871 1010 908 sss

158 929 282 992 insinuat,
301 928 343 980 vel
363 945 424 980 cum
443 927 529 982 laedit
548 931 664 998 quaein
684 947 796 999 corpere
814 934 906 984 natast

158 1014 206 1058 aut
223 1005 298 1057 iuvat
316 1004 461 1072 egrediens
479 1007 605 1073 genitalis
622 1022 672 1072 per
693 1007 808 1060 Veneris
825 1024 877 1075 res,
1078 1075 1081 1082 .

158 1085 206 1136 aut
223 1098 257 1134 ex
276 1082 378 1134 offensu
396 1098 458 1134 cum
477 1082 591 1136 turbant
610 1099 723 1152 corpore
741 1083 844 1153 inipso
967 1117 975 1142 ,
1009 1129 1048 1148 „Q

158 1157 262 1212 semina
280 1157 503 1234 contemnuntque
521 1158 594 1212 inter
612 1176 641 1212 se
660 1159 767 1214 concita
786 1177 909 1227 sensum;
920 1137 956 1202 ’ὁ
1087 1164 1110 1235 ᾖ

157 1237 189 1287 nt
207 1233 230 1286 si
248 1235 319 1288 ferte
338 1251 419 1286 rnanu
438 1235 560 1302 quamvis
578 1236 632 1288 iarn
652 1237 773 1304 corperis
791 1239 850 1304 ipse
972 1253 1008 1292 440

158 1313 219 1363 tute
237 1311 286 1364 tibi
305 1313 414 1379 partem
434 1310 515 1363 ferias
534 1314 617 1379 atque
635 1311 784 1380 experiare.

157 1390 325 1456 quapropter
342 1386 422 1454 longe
435 1369 543 1441 immas
562 1387 666 1441 distruc
685 1393 822 1442 necessest

122 1441 190 1530 ”lar
218 1463 221 1469 ‘
263 1463 304 1529 iis,
324 1462 412 1515 varies
431 1480 501 1529 quae
519 1463 724 1532 possint.ederc
743 1481 843 1518 sensus.

80 1559 172 1610 ung
282 1556 316 1593 ue
335 1555 405 1607 quae
423 1539 503 1592 nobis
521 1539 620 1593 durata
638 1557 669 1594 ac
689 1542 775 1608 spissa
792 1541 929 1609 videntur,

157 1615 224 1670 hacc
241 1616 328 1684 magis
346 1615 465 1669 hamatis
483 1616 557 1670 inter
575 1633 634 1670 sese
653 1633 712 1670 esse
730 1621 868 1672 necessest
970 1632 1006 1672 sse

157 1696 187 1746 et
204 1693 281 1762 quasi
299 1693 413 1746 ramosis
432 1693 487 1746 alte
506 1697 646 1762 compacta
664 1694 759 1748 teneri.

156 1769 184 1822 in
202 1787 255 1838 quo
272 1769 327 1822 iam
346 1785 445 1837 genere
464 1769 491 1822 in
510 1770 604 1839 primis
623 1770 796 1825 adamantina
814 1787 880 1825 saxa

156 1845 244 1916 prima
262 1846 327 1922 acie
338 1850 464 1900 constant
482 1846 553 1900 ictus
572 1850 746 1900 contemnere
764 1851 843 1902 sueta

151 1907 392 1976 ‘et‘vffiffi‘silrces
410 1938 442 1996 ac
460 1922 522 1976 duri
541 1923 639 1976 robora
658 1923 723 1976 ferri

155 2014 273 2066 aeraque
291 2014 361 2066 quae
380 1997 505 2052 claustris
524 2000 657 2053 restantia
674 1999 865 2053 vociferantur.
969 2015 1005 2054 sse

154 2075 201 2128 illa
219 2074 330 2143 quidem
348 2075 450 2128 debent
468 2091 484 2127 e
501 2075 606 2128 levibus
624 2080 707 2143 atque
725 2075 851 2130 rutundis

156 2167 216 2204 csse
233 2151 326 2218 inagis,
344 2150 445 2203 fluvido
463 2169 533 2219 quae
551 2168 664 2220 corpore
684 2151 788 2222 liquida
806 2156 946 2219 constant3

155 2242 256 2281 NAMQUE
266 2241 402 2303 PEQ
410 2241 521 2273 HAUBTUS
531 2241 616 2272 irnusr
626 2242 719 2274 rncms
729 2243 793 2280 QUOD
804 2243 926 2282 AQUABUH

155 2321 205 2358 nec
226 2305 380 2358 retinentur
400 2305 472 2356 enirn
487 2304 560 2356 inter
579 2321 609 2357 se
628 2304 824 2370 glomeramina
843 2326 967 2377 quaeque

156 2383 185 2434 ct
205 2396 317 2449 procurs
368 2380 435 2432 item
475 2378 575 2433 roclive
597 2379 721 2454 volubilis
739 2385 837 2436 exstat.
891 2399 894 2409 ·
968 2381 1025 2441 ess·
1066 2396 1070 2407 ·

157 2397 402 2525 emnffiuusemo
424 2472 493 2523 quae
514 2459 617 2523 puncto
636 2458 759 2523 tempore
777 2459 865 2513 cernis
883 2465 896 2481 ¹
1007 2463 1026 2516 κ’

157 2531 295 2600 diffugere,
314 2535 346 2586 nt
366 2533 470 2586 firmum
489 2532 601 2585 nebulas
620 2531 804 2602 flammasque,
825 2541 971 2606 necessest,

157 2608 180 2661 si
199 2607 289 2662 minus
308 2608 424 2663 omnibu’
446 2612 510 2662 sunt
530 2626 546 2662 e
565 2608 670 2662 levibus
690 2613 772 2677 atquc
793 2611 928 2682 rutundis,

156 2687 186 2739 at
206 2700 259 2738 non
282 2701 342 2739 csse
360 2689 452 2740 tamen
471 2684 610 2755 perplexis
629 2683 797 2760 indupedita,
825 2738 851 2749 ,,
877 2727 881 2735 .

155 2777 276 2831 pungere
297 2763 338 2816 uti
359 2762 465 2832 possint
483 2779 580 2831 corpus
597 2768 795 2832 penetrareque
816 2785 888 2831 suxi,
965 2783 1001 2821 sse

156 2854 206 2893 nec
224 2842 317 2893 tamen
334 2839 447 2893 haerere
464 2840 538 2892 inter
555 2856 600 2905 se;
616 2840 807 2909 quodcumque
823 2843 948 2897 ridemus

156 2915 271 2970 sensibu'
290 2916 328 2970 sic
345 2915 440 2983 latum,
457 2916 537 2970 facile
554 2920 586 2970 ut
604 2932 767 2984 cognoscere
784 2918 871 2986 pessis

156 3008 210 3044 non
228 3009 244 3046 e
261 2992 400 3062 perplexis
418 2993 468 3046 sed
484 2993 571 3047 acutis
589 3008 650 3046 esse
667 2992 816 3046 elementis.

156 3067 206 3121 sed
223 3069 298 3138 quod
315 3085 408 3123 amara
424 3068 500 3122 vides
518 3070 614 3123 cadem
632 3085 701 3138 quae
718 3068 819 3124 fluvida
835 3074 968 3141 constant,
1049 3071 1052 3080 '

156 3143 240 3197 sudor
256 3145 296 3200 uti
314 3146 397 3199 maris
414 3149 463 3211 est,
481 3145 592 3200 minime
609 3145 733 3200 mirabile
750 3145 856 3201 habeto.
967 3164 1003 3204 scs

175 3235 218 3272 arn
236 3221 308 3288 qued
326 3220 390 3274 fluvi
411 3235 443 3276 us
461 3225 513 3291 est,
531 3238 547 3276 e
563 3221 667 3276 levibus
685 3225 767 3298 atque
785 3223 911 3278 rutundis

161 3295 314 3342 l·
377 3305 394 3356 t'
473 3301 612 3371 tn·
676 3311 693 3340 Α

196 3417 218 3449 ὰ
807 3399 818 3426 δ
