<?xml version="1.0" encoding="UTF-8"?>
<!DOCTYPE html PUBLIC "-//W3C//DTD XHTML 1.0 Transitional//EN"
    "http://www.w3.org/TR/xhtml1/DTD/xhtml1-transitional.dtd">
<html xmlns="http://www.w3.org/1999/xhtml" xml:lang="en" lang="en">
 <head>
  <title>
</title>
<meta http-equiv="Content-Type" content="text/html;charset=utf-8" />
  <meta name='ocr-system' content='tesseract 3.04.00' />
  <meta name='ocr-capabilities' content='ocr_page ocr_carea ocr_par ocr_line ocrx_word'/>
</head>
<body>
  <div class='ocr_page' id='page_1' title='image "./tlucreticarider11carugoog_0209.png"; bbox 0 0 2234 3526; ppageno 0'>
   <div class='ocr_carea' id='block_1_1' title="bbox 539 152 982 209">
    <p class='ocr_par' dir='ltr' id='par_1_1' title="bbox 539 152 982 209">
     <span class='ocr_line' id='line_1_1' title="bbox 539 152 982 209; baseline 0.002 -1"><span class='ocrx_word' id='word_1_1' title='bbox 539 152 587 208; x_wconf 84' lang='lat' dir='ltr'>VI</span> <span class='ocrx_word' id='word_1_2' title='bbox 926 152 982 209; x_wconf 88' lang='grc'>163</span> 
     </span>
    </p>
   </div>
   <div class='ocr_carea' id='block_1_2' title="bbox 132 255 1004 3302">
    <p class='ocr_par' dir='ltr' id='par_1_2' title="bbox 132 255 1004 3302">
     <span class='ocr_line' id='line_1_2' title="bbox 134 255 804 324; baseline 0 -14"><span class='ocrx_word' id='word_1_3' title='bbox 134 273 170 312; x_wconf 85' lang='lat' dir='ltr'>ne</span> <span class='ocrx_word' id='word_1_4' title='bbox 188 256 238 311; x_wconf 92' lang='lat' dir='ltr'>tibi</span> <span class='ocrx_word' id='word_1_5' title='bbox 258 257 293 310; x_wconf 87' lang='lat' dir='ltr'>sit</span> <span class='ocrx_word' id='word_1_6' title='bbox 311 255 384 309; x_wconf 86' lang='lat' dir='ltr'>frudi</span> <span class='ocrx_word' id='word_1_7' title='bbox 401 256 474 324; x_wconf 89' lang='lat' dir='ltr'>quod</span> <span class='ocrx_word' id='word_1_8' title='bbox 492 271 541 309; x_wconf 91' lang='lat' dir='ltr'>nos</span> <span class='ocrx_word' id='word_1_9' title='bbox 558 255 663 309; x_wconf 86' lang='lat' dir='ltr'>inferne</span> <span class='ocrx_word' id='word_1_10' title='bbox 681 255 804 310; x_wconf 89' lang='lat' dir='ltr'>videmus</span> 
     </span>
     <span class='ocr_line' id='line_1_3' title="bbox 134 332 983 402; baseline 0 -16"><span class='ocrx_word' id='word_1_11' title='bbox 134 351 215 402; x_wconf 85' lang='lat' dir='ltr'>quam</span> <span class='ocrx_word' id='word_1_12' title='bbox 229 333 283 386; x_wconf 91' lang='lat' dir='ltr'>sint</span> <span class='ocrx_word' id='word_1_13' title='bbox 294 333 351 386; x_wconf 83' lang='lat' dir='ltr'>lato</span> <span class='ocrx_word' id='word_1_14' title='bbox 362 332 448 399; x_wconf 81' lang='lat' dir='ltr'>magis</span> <span class='ocrx_word' id='word_1_15' title='bbox 460 347 541 399; x_wconf 83' lang='lat' dir='ltr'>quarn</span> <span class='ocrx_word' id='word_1_16' title='bbox 554 347 661 384; x_wconf 78' lang='lat' dir='ltr'>sursrmr</span> <span class='ocrx_word' id='word_1_17' title='bbox 671 337 796 386; x_wconf 77' lang='lat' dir='ltr'>extructo</span> <span class='ocrx_word' id='word_1_18' title='bbox 805 332 872 401; x_wconf 89' lang='lat' dir='ltr'>quid</span> <span class='ocrx_word' id='word_1_19' title='bbox 881 336 983 388; x_wconf 81' lang='lat' dir='ltr'>extent.</span> 
     </span>
     <span class='ocr_line' id='line_1_4' title="bbox 134 405 1004 477; baseline 0.001 -15"><span class='ocrx_word' id='word_1_20' title='bbox 134 409 332 477; x_wconf 85' lang='lat' dir='ltr'>contemplator</span> <span class='ocrx_word' id='word_1_21' title='bbox 349 408 429 475; x_wconf 91' lang='lat' dir='ltr'>enim,</span> <span class='ocrx_word' id='word_1_22' title='bbox 447 424 508 460; x_wconf 92' lang='lat' dir='ltr'>cum</span> <span class='ocrx_word' id='word_1_23' title='bbox 527 405 665 460; x_wconf 89' lang='lat' dir='ltr'>montibus</span> <span class='ocrx_word' id='word_1_24' title='bbox 683 409 846 463; x_wconf 75' lang='lat' dir='ltr'>adsimulata</span> <span class='ocrx_word' id='word_1_25' title='bbox 1001 413 1004 419; x_wconf 90' lang='lat'>&#39;</span> 
     </span>
     <span class='ocr_line' id='line_1_5' title="bbox 133 481 983 554; baseline 0.002 -16"><span class='ocrx_word' id='word_1_26' title='bbox 133 485 228 538; x_wconf 85' lang='lat' dir='ltr'>nubila</span> <span class='ocrx_word' id='word_1_27' title='bbox 245 483 394 554; x_wconf 84' lang='lat' dir='ltr'>portabunt</span> <span class='ocrx_word' id='word_1_28' title='bbox 412 481 489 536; x_wconf 86' lang='lat' dir='ltr'>venti</span> <span class='ocrx_word' id='word_1_29' title='bbox 504 486 661 544; x_wconf 77' lang='lat' dir='ltr'>transverso</span> <span class='ocrx_word' id='word_1_30' title='bbox 678 501 729 554; x_wconf 91' lang='lat' dir='ltr'>per</span> <span class='ocrx_word' id='word_1_31' title='bbox 746 502 833 551; x_wconf 84' lang='lat' dir='ltr'>aurae,</span> <span class='ocrx_word' id='word_1_32' title='bbox 948 502 983 540; x_wconf 79' lang='lat' dir='ltr'>reo</span> 
     </span>
     <span class='ocr_line' id='line_1_6' title="bbox 133 561 841 630; baseline 0.001 -15"><span class='ocrx_word' id='word_1_33' title='bbox 133 565 182 616; x_wconf 85' lang='lat' dir='ltr'>aut</span> <span class='ocrx_word' id='word_1_34' title='bbox 199 561 247 614; x_wconf 88' lang='lat' dir='ltr'>ubi</span> <span class='ocrx_word' id='word_1_35' title='bbox 264 578 314 630; x_wconf 92' lang='lat' dir='ltr'>per</span> <span class='ocrx_word' id='word_1_36' title='bbox 332 577 443 628; x_wconf 82' lang='lat' dir='ltr'>magnos</span> <span class='ocrx_word' id='word_1_37' title='bbox 461 561 562 614; x_wconf 88' lang='lat' dir='ltr'>montis</span> <span class='ocrx_word' id='word_1_38' title='bbox 581 561 718 615; x_wconf 78' lang='lat' dir='ltr'>cumulato</span> <span class='ocrx_word' id='word_1_39' title='bbox 735 562 841 616; x_wconf 85' lang='lat' dir='ltr'>videbis</span> 
     </span>
     <span class='ocr_line' id='line_1_7' title="bbox 132 636 871 708; baseline 0.003 -17"><span class='ocrx_word' id='word_1_40' title='bbox 132 638 245 708; x_wconf 85' lang='lat' dir='ltr'>insuper</span> <span class='ocrx_word' id='word_1_41' title='bbox 263 654 322 691; x_wconf 88' lang='lat' dir='ltr'>esse</span> <span class='ocrx_word' id='word_1_42' title='bbox 339 637 398 690; x_wconf 80' lang='lat' dir='ltr'>aliis</span> <span class='ocrx_word' id='word_1_43' title='bbox 416 636 469 689; x_wconf 82' lang='lat' dir='ltr'>alio</span> <span class='ocrx_word' id='word_1_44' title='bbox 487 640 571 705; x_wconf 85' lang='lat' dir='ltr'>atque</span> <span class='ocrx_word' id='word_1_45' title='bbox 589 654 706 705; x_wconf 90' lang='lat' dir='ltr'>urguere</span> <span class='ocrx_word' id='word_1_46' title='bbox 724 655 841 707; x_wconf 90' lang='lat' dir='ltr'>superne</span> <span class='ocrx_word' id='word_1_47' title='bbox 869 669 871 672; x_wconf 96' lang='lat'>·</span> 
     </span>
     <span class='ocr_line' id='line_1_8' title="bbox 132 713 788 782; baseline 0.002 -15"><span class='ocrx_word' id='word_1_48' title='bbox 132 714 161 768; x_wconf 89' lang='lat' dir='ltr'>in</span> <span class='ocrx_word' id='word_1_49' title='bbox 179 715 297 769; x_wconf 82' lang='lat' dir='ltr'>statione</span> <span class='ocrx_word' id='word_1_50' title='bbox 315 714 402 767; x_wconf 84' lang='lat' dir='ltr'>locata</span> <span class='ocrx_word' id='word_1_51' title='bbox 421 713 536 782; x_wconf 79' lang='lat' dir='ltr'>sepultis</span> <span class='ocrx_word' id='word_1_52' title='bbox 555 713 676 780; x_wconf 91' lang='lat' dir='ltr'>undique</span> <span class='ocrx_word' id='word_1_53' title='bbox 693 715 788 769; x_wconf 84' lang='lat' dir='ltr'>ventis.</span> 
     </span>
     <span class='ocr_line' id='line_1_9' title="bbox 132 790 839 861; baseline 0 -16"><span class='ocrx_word' id='word_1_54' title='bbox 132 794 192 845; x_wconf 91' lang='lat' dir='ltr'>tum</span> <span class='ocrx_word' id='word_1_55' title='bbox 210 791 313 861; x_wconf 88' lang='lat' dir='ltr'>poteris</span> <span class='ocrx_word' id='word_1_56' title='bbox 331 807 443 858; x_wconf 76' lang='lat' dir='ltr'>magnus</span> <span class='ocrx_word' id='word_1_57' title='bbox 461 790 547 843; x_wconf 87' lang='lat' dir='ltr'>moles</span> <span class='ocrx_word' id='word_1_58' title='bbox 566 806 728 858; x_wconf 79' lang='lat' dir='ltr'>cognoscere</span> <span class='ocrx_word' id='word_1_59' title='bbox 746 808 839 845; x_wconf 89' lang='lat' dir='ltr'>eorum</span> 
     </span>
     <span class='ocr_line' id='line_1_10' title="bbox 133 867 841 938; baseline 0.001 -17"><span class='ocrx_word' id='word_1_60' title='bbox 133 868 329 938; x_wconf 81' lang='lat' dir='ltr'>speluncasque</span> <span class='ocrx_word' id='word_1_61' title='bbox 346 867 422 920; x_wconf 90' lang='lat' dir='ltr'>velut</span> <span class='ocrx_word' id='word_1_62' title='bbox 439 867 512 921; x_wconf 86' lang='lat' dir='ltr'>saxis</span> <span class='ocrx_word' id='word_1_63' title='bbox 530 867 704 936; x_wconf 88' lang='lat' dir='ltr'>pendentibu&#39;</span> <span class='ocrx_word' id='word_1_64' title='bbox 723 871 841 923; x_wconf 82' lang='lat' dir='ltr'>structas</span> 
     </span>
     <span class='ocr_line' id='line_1_11' title="bbox 133 943 805 1014; baseline 0 -16"><span class='ocrx_word' id='word_1_65' title='bbox 133 961 251 1012; x_wconf 88' lang='lat' dir='ltr'>eernere,</span> <span class='ocrx_word' id='word_1_66' title='bbox 269 943 429 1013; x_wconf 79' lang='lat' dir='ltr'>quaerenti</span> <span class='ocrx_word' id='word_1_67' title='bbox 447 961 507 997; x_wconf 85' lang='lat' dir='ltr'>curn</span> <span class='ocrx_word' id='word_1_68' title='bbox 529 947 696 1014; x_wconf 74' lang='lat' dir='ltr'>tempestate</span> <span class='ocrx_word' id='word_1_69' title='bbox 713 949 805 998; x_wconf 79' lang='lat' dir='ltr'>coorto</span> 
     </span>
     <span class='ocr_line' id='line_1_12' title="bbox 133 1020 870 1089; baseline 0.001 -16"><span class='ocrx_word' id='word_1_70' title='bbox 133 1021 302 1089; x_wconf 87' lang='lat' dir='ltr'>conplerunt,</span> <span class='ocrx_word' id='word_1_71' title='bbox 320 1037 418 1088; x_wconf 83' lang='lat' dir='ltr'>magno</span> <span class='ocrx_word' id='word_1_72' title='bbox 437 1020 613 1089; x_wconf 78' lang='lat' dir='ltr'>indignantur</span> <span class='ocrx_word' id='word_1_73' title='bbox 631 1038 770 1074; x_wconf 88' lang='lat' dir='ltr'>murmure</span> <span class='ocrx_word' id='word_1_74' title='bbox 787 1021 870 1074; x_wconf 83' lang='lat' dir='ltr'>eleusi</span> 
     </span>
     <span class='ocr_line' id='line_1_13' title="bbox 132 1097 857 1165; baseline 0 -15"><span class='ocrx_word' id='word_1_75' title='bbox 132 1097 250 1151; x_wconf 90' lang='lat' dir='ltr'>nubibus</span> <span class='ocrx_word' id='word_1_76' title='bbox 268 1097 296 1150; x_wconf 91' lang='lat' dir='ltr'>in</span> <span class='ocrx_word' id='word_1_77' title='bbox 314 1097 456 1165; x_wconf 83' lang='lat' dir='ltr'>caveisque</span> <span class='ocrx_word' id='word_1_78' title='bbox 476 1097 595 1150; x_wconf 87' lang='lat' dir='ltr'>ferarum</span> <span class='ocrx_word' id='word_1_79' title='bbox 614 1114 688 1150; x_wconf 91' lang='lat' dir='ltr'>more</span> <span class='ocrx_word' id='word_1_80' title='bbox 706 1098 857 1164; x_wconf 64' lang='lat' dir='ltr'>minantum</span> 
     </span>
     <span class='ocr_line' id='line_1_14' title="bbox 132 1173 916 1243; baseline 0.003 -17"><span class='ocrx_word' id='word_1_81' title='bbox 132 1191 203 1228; x_wconf 90' lang='lat' dir='ltr'>nunc</span> <span class='ocrx_word' id='word_1_82' title='bbox 221 1174 283 1227; x_wconf 91' lang='lat' dir='ltr'>hine</span> <span class='ocrx_word' id='word_1_83' title='bbox 300 1190 372 1226; x_wconf 89' lang='lat' dir='ltr'>nunc</span> <span class='ocrx_word' id='word_1_84' title='bbox 390 1173 462 1226; x_wconf 92' lang='lat' dir='ltr'>illine</span> <span class='ocrx_word' id='word_1_85' title='bbox 481 1173 608 1242; x_wconf 85' lang='lat' dir='ltr'>fremitus</span> <span class='ocrx_word' id='word_1_86' title='bbox 626 1191 676 1243; x_wconf 92' lang='lat' dir='ltr'>per</span> <span class='ocrx_word' id='word_1_87' title='bbox 693 1173 785 1227; x_wconf 79' lang='lat' dir='ltr'>nubila</span> <span class='ocrx_word' id='word_1_88' title='bbox 802 1173 916 1229; x_wconf 89' lang='lat' dir='ltr'>mittunt</span> 
     </span>
     <span class='ocr_line' id='line_1_15' title="bbox 133 1249 984 1320; baseline 0.001 -16"><span class='ocrx_word' id='word_1_89' title='bbox 133 1255 349 1319; x_wconf 80' lang='lat' dir='ltr'>quaerentesque</span> <span class='ocrx_word' id='word_1_90' title='bbox 368 1250 440 1301; x_wconf 83' lang='lat' dir='ltr'>viam</span> <span class='ocrx_word' id='word_1_91' title='bbox 458 1249 559 1302; x_wconf 90' lang='lat' dir='ltr'>circum</span> <span class='ocrx_word' id='word_1_92' title='bbox 577 1253 721 1303; x_wconf 84' lang='lat' dir='ltr'>versantur</span> <span class='ocrx_word' id='word_1_93' title='bbox 738 1254 767 1304; x_wconf 90' lang='lat' dir='ltr'>et</span> <span class='ocrx_word' id='word_1_94' title='bbox 784 1251 856 1320; x_wconf 85' lang='lat' dir='ltr'>ignis</span> <span class='ocrx_word' id='word_1_95' title='bbox 948 1265 984 1305; x_wconf 74' lang='lat' dir='ltr'>eoo</span> 
     </span>
     <span class='ocr_line' id='line_1_16' title="bbox 133 1323 857 1394; baseline 0 -14"><span class='ocrx_word' id='word_1_96' title='bbox 133 1326 236 1380; x_wconf 84' lang='lat' dir='ltr'>semine</span> <span class='ocrx_word' id='word_1_97' title='bbox 253 1326 416 1379; x_wconf 84' lang='lat' dir='ltr'>convolvunt</span> <span class='ocrx_word' id='word_1_98' title='bbox 434 1342 447 1378; x_wconf 86' lang='lat' dir='ltr'>e</span> <span class='ocrx_word' id='word_1_99' title='bbox 465 1323 581 1378; x_wconf 91' lang='lat' dir='ltr'>nubibus</span> <span class='ocrx_word' id='word_1_100' title='bbox 599 1329 683 1392; x_wconf 83' lang='lat' dir='ltr'>atque</span> <span class='ocrx_word' id='word_1_101' title='bbox 700 1326 740 1379; x_wconf 83' lang='lat' dir='ltr'>ita</span> <span class='ocrx_word' id='word_1_102' title='bbox 757 1331 857 1394; x_wconf 86' lang='lat' dir='ltr'>cogunt</span> 
     </span>
     <span class='ocr_line' id='line_1_17' title="bbox 133 1401 899 1473; baseline 0.001 -18"><span class='ocrx_word' id='word_1_103' title='bbox 133 1403 220 1456; x_wconf 82' lang='lat' dir='ltr'>multe</span> <span class='ocrx_word' id='word_1_104' title='bbox 237 1405 383 1470; x_wconf 82' lang='lat' dir='ltr'>rotantque</span> <span class='ocrx_word' id='word_1_105' title='bbox 401 1402 474 1455; x_wconf 82' lang='lat' dir='ltr'>cavis</span> <span class='ocrx_word' id='word_1_106' title='bbox 492 1401 627 1473; x_wconf 80' lang='lat' dir='ltr'>flammam</span> <span class='ocrx_word' id='word_1_107' title='bbox 645 1402 799 1456; x_wconf 81' lang='lat' dir='ltr'>fornacibus</span> <span class='ocrx_word' id='word_1_108' title='bbox 817 1403 899 1471; x_wconf 87' lang='lat' dir='ltr'>intus,</span> 
     </span>
     <span class='ocr_line' id='line_1_18' title="bbox 134 1477 716 1533; baseline 0 -1"><span class='ocrx_word' id='word_1_109' title='bbox 134 1479 219 1533; x_wconf 91' lang='lat' dir='ltr'>donec</span> <span class='ocrx_word' id='word_1_110' title='bbox 238 1478 344 1532; x_wconf 83' lang='lat' dir='ltr'>divolsa</span> <span class='ocrx_word' id='word_1_111' title='bbox 361 1477 497 1531; x_wconf 89' lang='lat' dir='ltr'>fulsemnt</span> <span class='ocrx_word' id='word_1_112' title='bbox 514 1477 587 1532; x_wconf 90' lang='lat' dir='ltr'>nube</span> <span class='ocrx_word' id='word_1_113' title='bbox 605 1479 716 1532; x_wconf 90' lang='lat' dir='ltr'>corusci.</span> 
     </span>
     <span class='ocr_line' id='line_1_19' title="bbox 170 1553 778 1610; baseline 0.002 -2"><span class='ocrx_word' id='word_1_114' title='bbox 170 1556 230 1609; x_wconf 86' lang='lat' dir='ltr'>Hac</span> <span class='ocrx_word' id='word_1_115' title='bbox 249 1555 332 1609; x_wconf 83' lang='lat' dir='ltr'>etiam</span> <span class='ocrx_word' id='word_1_116' title='bbox 350 1554 384 1608; x_wconf 87' lang='lat' dir='ltr'>fit</span> <span class='ocrx_word' id='word_1_117' title='bbox 401 1555 448 1608; x_wconf 75' lang='lat' dir='ltr'>uti‘</span> <span class='ocrx_word' id='word_1_118' title='bbox 460 1553 495 1608; x_wconf 91' lang='lat' dir='ltr'>de</span> <span class='ocrx_word' id='word_1_119' title='bbox 511 1570 593 1608; x_wconf 83' lang='lat' dir='ltr'>causa</span> <span class='ocrx_word' id='word_1_120' title='bbox 611 1553 718 1608; x_wconf 92' lang='lat' dir='ltr'>mobilis</span> <span class='ocrx_word' id='word_1_121' title='bbox 732 1555 778 1610; x_wconf 92' lang='lat' dir='ltr'>ille</span> 
     </span>
     <span class='ocr_line' id='line_1_20' title="bbox 135 1630 985 1700; baseline 0.002 -16"><span class='ocrx_word' id='word_1_122' title='bbox 135 1631 243 1685; x_wconf 86' lang='lat' dir='ltr'>devolet</span> <span class='ocrx_word' id='word_1_123' title='bbox 260 1631 289 1683; x_wconf 90' lang='lat' dir='ltr'>in</span> <span class='ocrx_word' id='word_1_124' title='bbox 307 1633 410 1684; x_wconf 84' lang='lat' dir='ltr'>terram</span> <span class='ocrx_word' id='word_1_125' title='bbox 429 1630 525 1699; x_wconf 88' lang='lat' dir='ltr'>liquidi</span> <span class='ocrx_word' id='word_1_126' title='bbox 543 1630 616 1685; x_wconf 92' lang='lat' dir='ltr'>color</span> <span class='ocrx_word' id='word_1_127' title='bbox 633 1647 732 1685; x_wconf 82' lang='lat' dir='ltr'>aureus</span> <span class='ocrx_word' id='word_1_128' title='bbox 748 1633 827 1700; x_wconf 86' lang='lat' dir='ltr'>ignis,</span> <span class='ocrx_word' id='word_1_129' title='bbox 949 1647 985 1686; x_wconf 78' lang='lat' dir='ltr'>noe</span> 
     </span>
     <span class='ocr_line' id='line_1_21' title="bbox 135 1706 835 1776; baseline 0.003 -15"><span class='ocrx_word' id='word_1_130' title='bbox 135 1709 238 1761; x_wconf 79' lang='lat' dir='ltr'>semine</span> <span class='ocrx_word' id='word_1_131' title='bbox 256 1706 330 1776; x_wconf 91' lang='lat' dir='ltr'>quod</span> <span class='ocrx_word' id='word_1_132' title='bbox 347 1706 433 1760; x_wconf 88' lang='lat' dir='ltr'>nubes</span> <span class='ocrx_word' id='word_1_133' title='bbox 450 1707 524 1775; x_wconf 85' lang='lat' dir='ltr'>ipsas</span> <span class='ocrx_word' id='word_1_134' title='bbox 542 1707 678 1776; x_wconf 83' lang='lat' dir='ltr'>permulto</span> <span class='ocrx_word' id='word_1_135' title='bbox 695 1712 835 1763; x_wconf 88' lang='lat' dir='ltr'>necessust</span> 
     </span>
     <span class='ocr_line' id='line_1_22' title="bbox 133 1783 886 1852; baseline 0.001 -15"><span class='ocrx_word' id='word_1_136' title='bbox 133 1783 203 1852; x_wconf 91' lang='lat' dir='ltr'>ignis</span> <span class='ocrx_word' id='word_1_137' title='bbox 221 1783 337 1848; x_wconf 85' lang='lat' dir='ltr'>habere;</span> <span class='ocrx_word' id='word_1_138' title='bbox 356 1784 457 1837; x_wconf 86' lang='lat' dir='ltr'>etenim</span> <span class='ocrx_word' id='word_1_139' title='bbox 474 1800 535 1836; x_wconf 91' lang='lat' dir='ltr'>cum</span> <span class='ocrx_word' id='word_1_140' title='bbox 555 1787 618 1838; x_wconf 92' lang='lat' dir='ltr'>sunt</span> <span class='ocrx_word' id='word_1_141' title='bbox 635 1801 730 1838; x_wconf 88' lang='lat' dir='ltr'>mnere</span> <span class='ocrx_word' id='word_1_142' title='bbox 748 1786 806 1840; x_wconf 91' lang='lat' dir='ltr'>sine</span> <span class='ocrx_word' id='word_1_143' title='bbox 823 1785 886 1852; x_wconf 88' lang='lat' dir='ltr'>ullo,</span> 
     </span>
     <span class='ocr_line' id='line_1_23' title="bbox 134 1859 912 1929; baseline 0 -15"><span class='ocrx_word' id='word_1_144' title='bbox 134 1861 276 1914; x_wconf 83' lang='lat' dir='ltr'>flammeus</span> <span class='ocrx_word' id='word_1_145' title='bbox 293 1863 336 1913; x_wconf 92' lang='lat' dir='ltr'>est</span> <span class='ocrx_word' id='word_1_146' title='bbox 353 1859 513 1928; x_wconf 90' lang='lat' dir='ltr'>plerumque</span> <span class='ocrx_word' id='word_1_147' title='bbox 531 1859 603 1913; x_wconf 93' lang='lat' dir='ltr'>colos</span> <span class='ocrx_word' id='word_1_148' title='bbox 620 1863 650 1914; x_wconf 93' lang='lat' dir='ltr'>et</span> <span class='ocrx_word' id='word_1_149' title='bbox 668 1859 827 1929; x_wconf 87' lang='lat' dir='ltr'>splendidus</span> <span class='ocrx_word' id='word_1_150' title='bbox 845 1861 912 1916; x_wconf 92' lang='lat' dir='ltr'>ollis.</span> 
     </span>
     <span class='ocr_line' id='line_1_24' title="bbox 133 1935 813 2007; baseline 0.003 -17"><span class='ocrx_word' id='word_1_151' title='bbox 133 1937 199 2007; x_wconf 88' lang='lat' dir='ltr'>quin</span> <span class='ocrx_word' id='word_1_152' title='bbox 217 1935 299 1990; x_wconf 82' lang='lat' dir='ltr'>etiem</span> <span class='ocrx_word' id='word_1_153' title='bbox 318 1936 382 1989; x_wconf 87' lang='lat' dir='ltr'>solie</span> <span class='ocrx_word' id='word_1_154' title='bbox 399 1935 435 1989; x_wconf 91' lang='lat' dir='ltr'>de</span> <span class='ocrx_word' id='word_1_155' title='bbox 452 1936 554 1990; x_wconf 87' lang='lat' dir='ltr'>lumine</span> <span class='ocrx_word' id='word_1_156' title='bbox 571 1936 659 1990; x_wconf 82' lang='lat' dir='ltr'>multa</span> <span class='ocrx_word' id='word_1_157' title='bbox 676 1942 813 1993; x_wconf 85' lang='lat' dir='ltr'>necessest</span> 
     </span>
     <span class='ocr_line' id='line_1_25' title="bbox 133 2012 984 2083; baseline 0.001 -15"><span class='ocrx_word' id='word_1_158' title='bbox 133 2014 282 2083; x_wconf 88' lang='lat' dir='ltr'>concipere,</span> <span class='ocrx_word' id='word_1_159' title='bbox 300 2017 332 2065; x_wconf 91' lang='lat' dir='ltr'>ut</span> <span class='ocrx_word' id='word_1_160' title='bbox 349 2013 447 2067; x_wconf 87' lang='lat' dir='ltr'>merito</span> <span class='ocrx_word' id='word_1_161' title='bbox 466 2012 583 2067; x_wconf 82' lang='lat' dir='ltr'>mbeent</span> <span class='ocrx_word' id='word_1_162' title='bbox 600 2013 732 2082; x_wconf 87' lang='lat' dir='ltr'>ignesque</span> <span class='ocrx_word' id='word_1_163' title='bbox 748 2015 923 2083; x_wconf 74' lang='lat' dir='ltr'>profundent,</span> <span class='ocrx_word' id='word_1_164' title='bbox 948 2031 984 2070; x_wconf 81' lang='lat' dir='ltr'>uo</span> 
     </span>
     <span class='ocr_line' id='line_1_26' title="bbox 133 2088 910 2157; baseline 0.005 -16"><span class='ocrx_word' id='word_1_165' title='bbox 133 2088 214 2142; x_wconf 82' lang='lat' dir='ltr'>hasce</span> <span class='ocrx_word' id='word_1_166' title='bbox 232 2089 315 2156; x_wconf 88' lang='lat' dir='ltr'>igitur</span> <span class='ocrx_word' id='word_1_167' title='bbox 332 2106 394 2143; x_wconf 88' lang='lat' dir='ltr'>curn</span> <span class='ocrx_word' id='word_1_168' title='bbox 411 2093 509 2143; x_wconf 89' lang='lat' dir='ltr'>ventus</span> <span class='ocrx_word' id='word_1_169' title='bbox 529 2106 612 2157; x_wconf 79' lang='lat' dir='ltr'>agens</span> <span class='ocrx_word' id='word_1_170' title='bbox 629 2091 765 2145; x_wconf 88' lang='lat' dir='ltr'>contrusit</span> <span class='ocrx_word' id='word_1_171' title='bbox 782 2093 810 2145; x_wconf 91' lang='lat' dir='ltr'>in</span> <span class='ocrx_word' id='word_1_172' title='bbox 827 2109 910 2145; x_wconf 89' lang='lat' dir='ltr'>unum</span> 
     </span>
     <span class='ocr_line' id='line_1_27' title="bbox 134 2165 916 2236; baseline 0.004 -18"><span class='ocrx_word' id='word_1_173' title='bbox 134 2165 351 2234; x_wconf 88' lang='lat' dir='ltr'>compressitque</span> <span class='ocrx_word' id='word_1_174' title='bbox 368 2165 456 2219; x_wconf 89' lang='lat' dir='ltr'>locmn</span> <span class='ocrx_word' id='word_1_175' title='bbox 475 2182 580 2235; x_wconf 87' lang='lat' dir='ltr'>cogens,</span> <span class='ocrx_word' id='word_1_176' title='bbox 600 2183 729 2235; x_wconf 79' lang='lat' dir='ltr'>expresso</span> <span class='ocrx_word' id='word_1_177' title='bbox 747 2168 916 2236; x_wconf 89' lang='lat' dir='ltr'>profundunt</span> 
     </span>
     <span class='ocr_line' id='line_1_28' title="bbox 135 2240 837 2309; baseline 0.004 -16"><span class='ocrx_word' id='word_1_178' title='bbox 135 2240 239 2294; x_wconf 87' lang='lat' dir='ltr'>semina</span> <span class='ocrx_word' id='word_1_179' title='bbox 256 2257 325 2307; x_wconf 83' lang='lat' dir='ltr'>quae</span> <span class='ocrx_word' id='word_1_180' title='bbox 342 2241 446 2295; x_wconf 80' lang='lat' dir='ltr'>faciunt</span> <span class='ocrx_word' id='word_1_181' title='bbox 464 2240 588 2295; x_wconf 83' lang='lat' dir='ltr'>flammae</span> <span class='ocrx_word' id='word_1_182' title='bbox 605 2242 710 2309; x_wconf 89' lang='lat' dir='ltr'>fulgere</span> <span class='ocrx_word' id='word_1_183' title='bbox 727 2244 837 2298; x_wconf 89' lang='lat' dir='ltr'>colores.</span> 
     </span>
     <span class='ocr_line' id='line_1_29' title="bbox 134 2316 877 2385; baseline 0.005 -15"><span class='ocrx_word' id='word_1_184' title='bbox 134 2316 216 2384; x_wconf 80' lang='lat' dir='ltr'>fulgit</span> <span class='ocrx_word' id='word_1_185' title='bbox 233 2316 308 2381; x_wconf 89' lang='lat' dir='ltr'>item,</span> <span class='ocrx_word' id='word_1_186' title='bbox 327 2334 389 2370; x_wconf 91' lang='lat' dir='ltr'>cum</span> <span class='ocrx_word' id='word_1_187' title='bbox 406 2320 549 2371; x_wconf 85' lang='lat' dir='ltr'>rarescunt</span> <span class='ocrx_word' id='word_1_188' title='bbox 567 2333 676 2385; x_wconf 88' lang='lat' dir='ltr'>quoque</span> <span class='ocrx_word' id='word_1_189' title='bbox 693 2318 785 2371; x_wconf 81' lang='lat' dir='ltr'>nubilo</span> <span class='ocrx_word' id='word_1_190' title='bbox 802 2320 877 2374; x_wconf 85' lang='lat' dir='ltr'>caeli.</span> 
     </span>
     <span class='ocr_line' id='line_1_30' title="bbox 134 2391 985 2468; baseline 0.004 -22"><span class='ocrx_word' id='word_1_191' title='bbox 134 2410 198 2446; x_wconf 82' lang='lat' dir='ltr'>narn</span> <span class='ocrx_word' id='word_1_192' title='bbox 216 2409 277 2446; x_wconf 92' lang='lat' dir='ltr'>cum</span> <span class='ocrx_word' id='word_1_193' title='bbox 295 2397 393 2446; x_wconf 83' lang='lat' dir='ltr'>ventus</span> <span class='ocrx_word' id='word_1_194' title='bbox 412 2409 458 2445; x_wconf 87' lang='lat' dir='ltr'>eas</span> <span class='ocrx_word' id='word_1_195' title='bbox 475 2391 573 2446; x_wconf 88' lang='lat' dir='ltr'>leviter</span> <span class='ocrx_word' id='word_1_196' title='bbox 592 2392 696 2446; x_wconf 85' lang='lat' dir='ltr'>diducit</span> <span class='ocrx_word' id='word_1_197' title='bbox 715 2395 804 2449; x_wconf 88' lang='lat' dir='ltr'>euntis</span> <span class='ocrx_word' id='word_1_198' title='bbox 928 2451 934 2468; x_wconf 62' lang='grc'>,</span> <span class='ocrx_word' id='word_1_199' title='bbox 950 2411 985 2449; x_wconf 82' lang='lat'>215</span> 
     </span>
     <span class='ocr_line' id='line_1_31' title="bbox 135 2468 791 2537; baseline 0.003 -15"><span class='ocrx_word' id='word_1_200' title='bbox 135 2469 321 2536; x_wconf 89' lang='lat' dir='ltr'>dissoluitque‚</span> <span class='ocrx_word' id='word_1_201' title='bbox 340 2468 440 2522; x_wconf 84' lang='lat' dir='ltr'>cadant</span> <span class='ocrx_word' id='word_1_202' title='bbox 457 2468 572 2537; x_wconf 78' lang='lat' dir='ltr'>ingratis</span> <span class='ocrx_word' id='word_1_203' title='bbox 590 2468 637 2522; x_wconf 83' lang='lat' dir='ltr'>illa</span> <span class='ocrx_word' id='word_1_204' title='bbox 654 2474 791 2524; x_wconf 87' lang='lat' dir='ltr'>necessest</span> 
     </span>
     <span class='ocr_line' id='line_1_32' title="bbox 134 2545 871 2614; baseline 0.004 -15"><span class='ocrx_word' id='word_1_205' title='bbox 134 2545 237 2599; x_wconf 81' lang='lat' dir='ltr'>semino</span> <span class='ocrx_word' id='word_1_206' title='bbox 257 2561 327 2614; x_wconf 82' lang='lat' dir='ltr'>quae</span> <span class='ocrx_word' id='word_1_207' title='bbox 346 2545 450 2599; x_wconf 87' lang='lat' dir='ltr'>faciunt</span> <span class='ocrx_word' id='word_1_208' title='bbox 468 2545 612 2614; x_wconf 69' lang='lat' dir='ltr'>fulgorem,</span> <span class='ocrx_word' id='word_1_209' title='bbox 630 2549 689 2598; x_wconf 92' lang='lat' dir='ltr'>tum</span> <span class='ocrx_word' id='word_1_210' title='bbox 708 2546 764 2600; x_wconf 87' lang='lat' dir='ltr'>sine</span> <span class='ocrx_word' id='word_1_211' title='bbox 781 2549 871 2602; x_wconf 80' lang='lat' dir='ltr'>taetro</span> 
     </span>
     <span class='ocr_line' id='line_1_33' title="bbox 134 2621 937 2690; baseline 0 -14"><span class='ocrx_word' id='word_1_212' title='bbox 134 2628 240 2676; x_wconf 87' lang='lat' dir='ltr'>terrore</span> <span class='ocrx_word' id='word_1_213' title='bbox 259 2625 288 2675; x_wconf 89' lang='lat' dir='ltr'>ct</span> <span class='ocrx_word' id='word_1_214' title='bbox 306 2623 396 2676; x_wconf 87' lang='lat' dir='ltr'>sonitu</span> <span class='ocrx_word' id='word_1_215' title='bbox 413 2621 495 2690; x_wconf 83' lang='lat' dir='ltr'>fulgit</span> <span class='ocrx_word' id='word_1_216' title='bbox 512 2622 641 2690; x_wconf 90' lang='lat' dir='ltr'>nulloque</span> <span class='ocrx_word' id='word_1_217' title='bbox 658 2621 785 2676; x_wconf 89' lang='lat' dir='ltr'>tumultu</span> <span class='ocrx_word' id='word_1_218' title='bbox 935 2621 937 2625; x_wconf 74' lang='grc'>’</span> 
     </span>
     <span class='ocr_line' id='line_1_34' title="bbox 171 2698 900 2768; baseline 0.003 -16"><span class='ocrx_word' id='word_1_219' title='bbox 171 2699 250 2765; x_wconf 79' lang='lat' dir='ltr'>Quod</span> <span class='ocrx_word' id='word_1_220' title='bbox 269 2702 402 2768; x_wconf 88' lang='lat' dir='ltr'>superest,</span> <span class='ocrx_word' id='word_1_221' title='bbox 420 2699 501 2766; x_wconf 82' lang='lat' dir='ltr'>quali</span> <span class='ocrx_word' id='word_1_222' title='bbox 518 2703 616 2752; x_wconf 80' lang='lat' dir='ltr'>notura</span> <span class='ocrx_word' id='word_1_223' title='bbox 633 2698 758 2767; x_wconf 81' lang='lat' dir='ltr'>praedite</span> <span class='ocrx_word' id='word_1_224' title='bbox 775 2703 900 2754; x_wconf 88' lang='lat' dir='ltr'>constent</span> 
     </span>
     <span class='ocr_line' id='line_1_35' title="bbox 133 2775 985 2845; baseline 0.004 -17"><span class='ocrx_word' id='word_1_225' title='bbox 133 2775 254 2842; x_wconf 81' lang='lat' dir='ltr'>fulmine,</span> <span class='ocrx_word' id='word_1_226' title='bbox 274 2775 413 2829; x_wconf 83' lang='lat' dir='ltr'>declarent</span> <span class='ocrx_word' id='word_1_227' title='bbox 432 2775 503 2829; x_wconf 87' lang='lat' dir='ltr'>ictus</span> <span class='ocrx_word' id='word_1_228' title='bbox 522 2779 551 2829; x_wconf 94' lang='lat' dir='ltr'>et</span> <span class='ocrx_word' id='word_1_229' title='bbox 568 2775 659 2829; x_wconf 86' lang='lat' dir='ltr'>inusto</span> <span class='ocrx_word' id='word_1_230' title='bbox 676 2775 784 2845; x_wconf 84' lang='lat' dir='ltr'>vaporis</span> <span class='ocrx_word' id='word_1_231' title='bbox 951 2793 985 2832; x_wconf 79' lang='lat' dir='ltr'>mo</span> 
     </span>
     <span class='ocr_line' id='line_1_36' title="bbox 134 2852 851 2922; baseline 0 -16"><span class='ocrx_word' id='word_1_232' title='bbox 134 2853 212 2920; x_wconf 82' lang='lat' dir='ltr'>signa</span> <span class='ocrx_word' id='word_1_233' title='bbox 230 2857 366 2920; x_wconf 80' lang='lat' dir='ltr'>notaeque</span> <span class='ocrx_word' id='word_1_234' title='bbox 385 2853 474 2920; x_wconf 86' lang='lat' dir='ltr'>gravis</span> <span class='ocrx_word' id='word_1_235' title='bbox 492 2852 610 2907; x_wconf 82' lang='lat' dir='ltr'>halantis</span> <span class='ocrx_word' id='word_1_236' title='bbox 629 2852 747 2922; x_wconf 90' lang='lat' dir='ltr'>sulpuris</span> <span class='ocrx_word' id='word_1_237' title='bbox 765 2870 851 2906; x_wconf 81' lang='lat' dir='ltr'>euros.</span> 
     </span>
     <span class='ocr_line' id='line_1_37' title="bbox 134 2929 950 2999; baseline 0.002 -17"><span class='ocrx_word' id='word_1_238' title='bbox 134 2929 204 2997; x_wconf 89' lang='lat' dir='ltr'>ignis</span> <span class='ocrx_word' id='word_1_239' title='bbox 222 2929 294 2982; x_wconf 87' lang='lat' dir='ltr'>enim</span> <span class='ocrx_word' id='word_1_240' title='bbox 313 2932 376 2983; x_wconf 89' lang='lat' dir='ltr'>sunt</span> <span class='ocrx_word' id='word_1_241' title='bbox 394 2930 461 2982; x_wconf 82' lang='lat' dir='ltr'>haee</span> <span class='ocrx_word' id='word_1_242' title='bbox 479 2947 532 2983; x_wconf 92' lang='lat' dir='ltr'>non</span> <span class='ocrx_word' id='word_1_243' title='bbox 552 2930 626 2984; x_wconf 81' lang='lat' dir='ltr'>venti</span> <span class='ocrx_word' id='word_1_244' title='bbox 648 2929 724 2997; x_wconf 89' lang='lat' dir='ltr'>signo</span> <span class='ocrx_word' id='word_1_245' title='bbox 741 2947 829 2999; x_wconf 89' lang='lat' dir='ltr'>neque</span> <span class='ocrx_word' id='word_1_246' title='bbox 847 2929 950 2985; x_wconf 86' lang='lat' dir='ltr'>imbris.</span> 
     </span>
     <span class='ocr_line' id='line_1_38' title="bbox 136 3006 928 3076; baseline 0.004 -18"><span class='ocrx_word' id='word_1_247' title='bbox 136 3009 280 3075; x_wconf 84' lang='lat' dir='ltr'>praeterea</span> <span class='ocrx_word' id='word_1_248' title='bbox 299 3022 379 3072; x_wconf 82' lang='lat' dir='ltr'>saepe</span> <span class='ocrx_word' id='word_1_249' title='bbox 397 3006 549 3060; x_wconf 84' lang='lat' dir='ltr'>accendunt</span> <span class='ocrx_word' id='word_1_250' title='bbox 569 3023 676 3076; x_wconf 89' lang='lat' dir='ltr'>quoque</span> <span class='ocrx_word' id='word_1_251' title='bbox 695 3009 769 3060; x_wconf 83' lang='lat' dir='ltr'>tecta</span> <span class='ocrx_word' id='word_1_252' title='bbox 787 3006 928 3061; x_wconf 88' lang='lat' dir='ltr'>domorum</span> 
     </span>
     <span class='ocr_line' id='line_1_39' title="bbox 135 3081 847 3152; baseline 0.001 -16"><span class='ocrx_word' id='word_1_253' title='bbox 135 3085 164 3135; x_wconf 89' lang='lat' dir='ltr'>et</span> <span class='ocrx_word' id='word_1_254' title='bbox 181 3082 263 3136; x_wconf 89' lang='lat' dir='ltr'>celeri</span> <span class='ocrx_word' id='word_1_255' title='bbox 280 3082 388 3135; x_wconf 81' lang='lat' dir='ltr'>flammo</span> <span class='ocrx_word' id='word_1_256' title='bbox 405 3082 580 3135; x_wconf 83' lang='lat' dir='ltr'>dominantur</span> <span class='ocrx_word' id='word_1_257' title='bbox 597 3083 625 3134; x_wconf 92' lang='lat' dir='ltr'>in</span> <span class='ocrx_word' id='word_1_258' title='bbox 644 3081 757 3135; x_wconf 76' lang='lat' dir='ltr'>aedibus</span> <span class='ocrx_word' id='word_1_259' title='bbox 774 3082 847 3152; x_wconf 90' lang='lat' dir='ltr'>ipsis.</span> 
     </span>
     <span class='ocr_line' id='line_1_40' title="bbox 136 3157 986 3228; baseline 0.004 -16"><span class='ocrx_word' id='word_1_260' title='bbox 136 3158 207 3212; x_wconf 90' lang='lat' dir='ltr'>hune</span> <span class='ocrx_word' id='word_1_261' title='bbox 225 3157 277 3212; x_wconf 91' lang='lat' dir='ltr'>tibi</span> <span class='ocrx_word' id='word_1_262' title='bbox 295 3157 424 3212; x_wconf 88' lang='lat' dir='ltr'>subtilem</span> <span class='ocrx_word' id='word_1_263' title='bbox 442 3175 503 3212; x_wconf 92' lang='lat' dir='ltr'>cum</span> <span class='ocrx_word' id='word_1_264' title='bbox 522 3158 616 3227; x_wconf 82' lang='lat' dir='ltr'>primis</span> <span class='ocrx_word' id='word_1_265' title='bbox 635 3157 742 3225; x_wconf 88' lang='lat' dir='ltr'>ignibus</span> <span class='ocrx_word' id='word_1_266' title='bbox 759 3160 849 3228; x_wconf 90' lang='lat' dir='ltr'>ignem</span> <span class='ocrx_word' id='word_1_267' title='bbox 951 3178 986 3215; x_wconf 78' lang='lat'>225</span> 
     </span>
     <span class='ocr_line' id='line_1_41' title="bbox 137 3229 740 3302; baseline -0.003 -12"><span class='ocrx_word' id='word_1_268' title='bbox 137 3235 282 3292; x_wconf 80' lang='lat' dir='ltr'>constituit</span> <span class='ocrx_word' id='word_1_269' title='bbox 299 3238 397 3290; x_wconf 80' lang='lat' dir='ltr'>natura</span> <span class='ocrx_word' id='word_1_270' title='bbox 413 3235 524 3288; x_wconf 87' lang='lat' dir='ltr'>minutis</span> <span class='ocrx_word' id='word_1_271' title='bbox 542 3229 740 3302; x_wconf 89' lang='lat' dir='ltr'>mobilibusque</span> 
     </span>
    </p>
   </div>
   <div class='ocr_carea' id='block_1_3' title="bbox 0 0 1123 3526">
    <p class='ocr_par' dir='ltr' id='par_1_3' title="bbox 0 0 1123 3526">
     <span class='ocr_line' id='line_1_42' title="bbox 0 0 1123 3526; baseline 0 0"><span class='ocrx_word' id='word_1_272' title='bbox 0 0 1123 3526; x_wconf 95' lang='lat' dir='ltr'> </span> 
     </span>
    </p>
   </div>
  </div>
 </body>
</html>
