2234 3526
554 145 585 202 V
938 147 995 206 157

145 261 212 312 ergo
228 244 369 298 hominum
387 262 473 313 genus
490 246 624 300 incassum
642 246 797 315 frustraque
815 246 922 300 laborat
949 263 997 302 reo

145 337 254 391 semper
271 325 300 375 et
318 321 351 374 ia
369 323 441 374 curis
458 323 592 376 consumit
609 323 733 375 inanibus
751 339 853 388 aevom,

144 397 272 450 nimirum
291 399 354 465 quia
372 415 425 450 non
443 399 568 466 cognovit
586 415 656 466 quae
675 399 710 452 sit
727 397 846 452 habendi

133 472 206 526 ¹finis
224 477 253 527 et
271 474 380 526 omnino
398 474 488 542 quoad
505 479 609 528 crescat
627 491 692 528 vcra
709 474 841 543 voluptas.

144 548 229 617 idque
247 549 404 602 minutatim
421 550 506 603 vitam
523 551 649 619 provexit
667 551 694 603 in
712 552 797 604 altum

143 629 173 678 et
190 625 255 678 belli
272 642 383 693 magnos
402 627 547 679 commovit
564 626 688 679 funditus
706 626 816 695 aestus]
948 642 995 682 met

180 702 220 754 At
238 701 338 770 vigiles-
351 702 444 755 mundi
463 719 591 770 maguum
609 719 641 756 ac
659 702 786 756 versatile
804 702 936 770 templum

144 778 183 831 sol
202 782 230 832 et
247 778 311 831 luna
329 795 377 831 suo
395 779 543 832 lustrantes
561 778 663 832 lumine
680 779 781 833 circum

143 854 310 922 perdocuere
327 854 451 908 homiues
469 871 600 908 aunorurn
618 859 743 924 tempora
760 855 831 909 verti

144 935 173 983 et
190 934 266 984 certa
283 931 389 984 ratione
406 932 465 999 geri
482 948 541 984 rem
559 936 642 1000 atque
660 932 756 986 ordine
773 935 855 986 certo.

180 1007 239 1060 Iam
256 1007 355 1060 validis
373 1007 461 1076 saepti
480 1008 616 1075 degebant
634 1009 757 1061 turribus
774 1024 867 1061 aevom

143 1087 172 1136 et
190 1083 277 1136 divisa
294 1082 435 1137 colebatur
453 1083 625 1152 discretaque
643 1084 730 1150 tellus,

143 1158 197 1211 iam
215 1175 290 1212 mare
308 1159 429 1212 velivolis
447 1158 563 1213 florebat
582 1159 732 1228 puppibus;
749 1160 832 1214 urbes

142 1235 242 1288 auxilia
260 1252 291 1289 ac
310 1236 395 1289 socios
413 1235 467 1288 iam
485 1241 566 1305 pacto
585 1236 696 1288 foedere
714 1235 860 1298 habebant,

142 1311 305 1365 carminibus
322 1328 384 1364 cnm
402 1327 446 1364 res
464 1315 556 1380 gestas
574 1327 688 1379 coepere
706 1315 802 1379 poetae

142 1388 269 1453 tradere;
285 1405 336 1442 nec
353 1387 439 1441 multo
458 1388 527 1457 priu'
546 1391 609 1440 sunt
628 1386 762 1440 clementa
779 1391 895 1455 reperta.
946 1403 992 1441 raas

141 1469 288 1533 propterea
306 1463 373 1532 quid
392 1464 427 1516 sit
444 1464 521 1532 prius
538 1467 630 1517 actum
647 1463 784 1530 respicere
802 1465 878 1516 aetas

141 1545 236 1594 nostra
253 1541 356 1609 nequit,
374 1540 425 1593 uisi
442 1556 496 1608 qua
514 1540 584 1592 ratio
602 1539 717 1606 vestigia
735 1542 875 1593 monstrat.

177 1616 292 1684 Navigia
310 1619 393 1685 atque
411 1617 470 1683 agri
487 1616 607 1669 culturas
624 1615 730 1673 moenia
746 1614 820 1682 leges

141 1710 217 1746 arma
235 1693 291 1745 vias
309 1695 399 1745 vestcs
418 1699 443 1744 ct
461 1696 554 1746 cetera
572 1691 608 1745 de
625 1707 726 1759 genere
744 1691 849 1757 horum,

141 1769 268 1838 praemia,
288 1768 400 1822 delicias
419 1784 526 1836 quoque
544 1767 617 1820 vitae
634 1766 758 1820 funditus
776 1766 869 1832 omnis,
945 1779 992 1819 ilco

141 1845 259 1899 carmina
276 1845 404 1912 picturas,
423 1847 452 1898 et
470 1844 586 1897 daedala
603 1844 679 1911 signa
696 1842 790 1911 polire,

141 1938 206 1974 usus
224 1925 253 1975 et
271 1921 403 1990 impigrae
420 1920 499 1974 simul
517 1920 685 1988 experientia
703 1918 802 1972 mentis

97 2029 99 2034 .
141 1998 271 2064 perdatim
289 1997 382 2050 docuit
399 1996 578 2065 pedetemtim
597 1994 806 2063 progredientis.

142 2074 181 2125 sic
197 2073 413 2141 unumquicquid
430 2072 560 2141 perdatim
578 2071 716 2140 protrahit
733 2073 809 2124 aetas

141 2149 169 2200 in
188 2148 307 2200 medium
325 2149 449 2216 ratioque
466 2149 494 2200 in
512 2148 621 2201 luminis
640 2147 721 2215 erigit
738 2163 805 2200 oras.

143 2240 259 2290 namque
277 2222 333 2275 alid
351 2240 385 2276 ex
403 2223 455 2275 alio
473 2223 621 2276 clarescere
639 2224 668 2275 et
686 2221 780 2275 ordine
799 2221 883 2275 debet

142 2298 256 2366 artibus,
273 2297 311 2351 ad
328 2313 462 2351 summum
481 2297 567 2350 donec
585 2313 683 2351 venere
700 2311 834 2350 cacumen.
