2234 3526
432 563 461 616 T.
479 563 643 618 nocuum
663 565 757 618 ortui

272 730 355 805 DE
397 732 615 806 RERUM
659 732 921 806 NATURA

377 1005 381 1015 Ι
447 933 557 981 LIBER
573 933 741 991 QUINTUS.

546 1103 646 1131 ἦ..-

169 1244 237 1310 Quis
254 1245 327 1315 potis
345 1251 388 1300 est
406 1247 517 1316 dignum
535 1248 649 1317 pollenti
666 1253 778 1317 pectore
796 1265 904 1302 cannen

168 1321 286 1375 condere
303 1337 354 1390 pro
371 1339 463 1376 rerum
480 1323 625 1377 maiestate
643 1323 739 1392 hisque
756 1325 890 1392 repertisi

167 1397 262 1466 ‹prisve
280 1397 354 1451 valet
371 1397 462 1451 verbis
479 1402 587 1453 tantum
604 1399 772 1468 qni'fingere
789 1399 884 1452 lendes

166 1491 217 1543 pro
236 1473 341 1527 meritis
359 1473 417 1527 eius
435 1474 521 1543 possit
538 1474 585 1544 qui
602 1475 670 1529 talia
686 1474 764 1528 nobis

165 1552 278 1619 pectore
296 1553 377 1619 perta
395 1566 443 1603 suo
460 1551 638 1620 quiaesitaque
655 1550 777 1620 praemia
793 1549 893 1618 liquiti
1005 1565 1016 1603 e

166 1641 253 1692 nemo,
272 1630 304 1680 ut
322 1626 423 1695 opinor,
442 1626 495 1679 erit
513 1626 622 1680 mortali
639 1643 753 1694 corpore
771 1631 869 1679 cretus,

164 1717 228 1754 narn
246 1701 276 1768 si,
294 1706 326 1755 ut
343 1703 402 1771 ipse
420 1703 491 1771 petit
509 1702 638 1756 maiestas
655 1702 764 1770 cognita
782 1718 880 1770 rerum,

165 1777 312 1844 (licendum
330 1781 379 1842 est,
392 1777 466 1830 'deus
484 1778 530 1832 ille
548 1778 609 1845 suit,
625 1779 701 1844 deos,
720 1777 820 1844 inelyte
838 1776 960 1845 Memini,

163 1853 209 1922 qui
228 1854 356 1923 pn‘neeps
374 1854 447 1908 vitae
465 1855 600 1908 rationein
618 1853 721 1907 invenit
739 1869 799 1906 eam
818 1869 887 1922 queo

162 1946 233 1984 nune
251 1930 406 2000 appellatur
425 1930 566 1998 sapientia,
584 1931 684 2000 quique
702 1932 752 1998 per
770 1938 857 1982 artem
992 1943 1015 1983 ro

162 2006 290 2061 fluetibus
308 2024 324 2060 e
342 2007 427 2060 tantis
446 2007 530 2060 vitani
548 2007 687 2075 tantisque
706 2005 828 2059 tenebris

161 2083 189 2135 in
208 2087 266 2136 tarn
284 2083 430 2152 tranquillo
451 2087 554 2137 ettam
573 2083 647 2136 clara
663 2083 724 2136 luce
741 2081 847 2135 locavit.

161 2158 254 2211 confer
272 2159 343 2211 eninr
363 2158 455 2211 divina
473 2158 588 2211 alierum
606 2158 718 2225 antiqua
735 2160 852 2224 roperta.

161 2250 278 2302 namquo
296 2234 380 2287 Ceres
397 2233 486 2287 fertur
504 2234 597 2300 fruges
617 2233 752 2300 Liberque
769 2231 882 2299 liquoris

161 2309 274 2375 vitigeni
292 2310 402 2362 latieern
419 2309 580 2362 mortalibus
598 2307 764 2370 instituiss03
991 2321 1015 2360 1⁵

160 2401 221 2438 curn
241 2388 332 2437 tamen
351 2384 393 2436 hia
413 2387 506 2453 posset
525 2384 583 2437 siue
602 2381 685 2435 rebus
703 2383 760 2435 vita
777 2397 894 2448 rnnnero,

159 2465 191 2515 ut
208 2461 281 2514 same
299 2465 343 2513 est
361 2459 467 2529 aliquas
485 2459 568 2513 etiarn
588 2475 658 2511 nune
676 2457 768 2510 uivere
785 2458 883 2525 gentis.

158 2541 188 2591 ut
206 2535 277 2590 bene
295 2552 348 2588 non
368 2537 479 2606 poterat
496 2535 554 2589 sine
571 2551 641 2604 puro
659 2537 772 2603 pectore
790 2533 857 2597 vivi;

158 2629 212 2680 quo
230 2613 316 2681 inagis
333 2612 379 2666 hie
398 2612 497 2666 merito
515 2611 593 2664 nobis
610 2610 678 2664 deus
695 2627 756 2664 esse
774 2609 890 2676 videtur,

158 2706 192 2743 ex
211 2705 263 2758 quo
282 2705 352 2743 nune
372 2689 456 2742 etiam
475 2705 525 2759 per
544 2703 656 2756 magnas
674 2686 763 2740 didita
779 2684 870 2754 gentis
989 2697 1014 2738 ω

157 2763 248 2819 ‹lulcia
265 2765 436 2832 permulcent
457 2764 561 2818 animes
581 2763 680 2817 solacia
698 2762 777 2815 vitae.

159 2841 286 2894 Herculis
304 2841 436 2895 antistare
456 2845 547 2895 autern
567 2840 590 2893 si
608 2839 681 2893 saeta
697 2838 816 2906 putabis,

155 2917 261 2986 longius
279 2934 295 2971 a
314 2933 378 2972 vera
396 2917 482 2972 inulto
502 2917 606 2971 ratione
624 2917 721 2969 ferere.

155 2993 221 3061 quid
241 2993 396 3048 Nemeaeus
414 2995 487 3048 enim
506 2993 583 3046 nobis
600 3008 671 3044 nunc
690 3007 805 3058 magnus
822 2989 913 3043 hiatus

154 3069 201 3123 iilo
218 3070 304 3124 leonis
323 3070 432 3125 obesset
450 3073 479 3125 et
497 3071 612 3124 horrens
631 3067 768 3122 Arcadius
786 3067 849 3120 sust
987 3079 1011 3117 as

157 3145 274 3215 denique
291 3147 358 3218 quid
377 3147 477 3202 Cretae
495 3149 591 3200 taonis
610 3147 786 3212 Lernaeaque
804 3141 892 3213 pestis
983 3183 985 3190 .

157 3221 242 3340 ilrgdra
259 3225 400 3278 venenatis
418 3228 511 3292 posset
529 3223 628 3280 vallato
647 3220 763 3274 colubris
771 3221 780 3274 'i
