2234 3526
562 165 592 221 V
948 170 1004 226 143

154 274 218 325 sunt
236 274 265 325 et
282 271 359 339 larga
377 287 425 324 suo
444 271 502 324 sine
520 270 620 340 pabula
637 275 718 340 parta
735 271 836 340 labore,

153 365 223 416 quac
241 347 337 402 damus
354 348 480 401 utilitatis
499 364 592 401 eorum
610 349 733 416 praemia
749 364 838 402 causa.
971 361 1006 403 870

151 429 182 478 at
198 425 260 493 quis
277 423 315 476 nil
333 423 428 476 borum
446 422 546 477 tribuit
563 427 669 491 natura,
687 439 737 478 nec
754 424 815 492 ipsa

153 503 250 570 sponte
269 517 319 553 sua
336 504 448 570 possent
466 503 497 553 ut
515 500 608 552 vivere
626 517 675 552 nec
694 499 761 552 darc
779 499 858 553 nobis

151 576 299 631 utilitatem
318 577 434 645 aliquam
454 593 539 645 quare
556 579 714 645 pateremur
733 592 827 628 eorum

151 653 287 721 praesidio
305 657 398 706 nostro
416 653 491 722 pasci
508 669 595 720 genus
613 669 726 720 esseque
745 656 843 718 tutum,

152 729 338 783 scilicet·lraec
356 729 416 782 aliis
434 728 554 798 praedae
571 728 700 796 lucroque
717 727 844 782 iacebant
970 742 1007 780 ers

151 803 311 874 indupedita
329 805 384 859 suis
401 804 530 858 fatalibus
548 803 638 857 omnia
655 803 758 872 vinclis,

151 879 237 936 donec
256 881 292 935 ad
308 880 451 935 interitum
468 897 555 948 genus
572 880 602 934 id
617 882 717 934 natura
734 879 848 948 redegit.

186 957 242 1012 Sed
260 974 349 1026 neque
368 957 498 1011 Centauri
515 957 634 1024 luerunt,
653 973 703 1026 nec
721 959 846 1027 tempore
863 956 891 1009 in
908 955 964 1009 ullo

151 1049 212 1088 esse
229 1037 334 1102 queunt
353 1033 456 1103 duplici
473 1036 572 1087 natura
589 1036 619 1086 et
636 1049 751 1102 corpore
767 1032 832 1086 bino

151 1127 183 1163 ex
202 1109 359 1178 alienigenis
376 1109 506 1163 membris
524 1112 672 1178 compacta
691 1111 815 1179 potestas
970 1123 1007 1161 eso

150 1185 214 1239 hinc
231 1186 305 1239 illinc
323 1186 416 1252 visque
433 1189 465 1238 ut
482 1203 535 1238 non
555 1191 598 1238 sat
615 1203 666 1254 par
683 1202 743 1238 esse
761 1185 876 1253 potissit.

150 1261 179 1314 id
196 1261 261 1315 licet
278 1262 340 1316 hinc
358 1265 482 1330 quamvis
501 1261 593 1314 hebeti
611 1277 773 1329 cognoscere
791 1261 881 1315 corde.

150 1337 285 1407 principio
302 1338 405 1392 circum
423 1337 512 1390 tribus
530 1337 598 1390 actis
616 1337 732 1406 impiger
749 1337 827 1389 annis

151 1412 231 1468 fleret
248 1431 319 1481 ecus,
337 1431 406 1483 puer·
424 1413 640 1483 hautquaquam3
658 1429 721 1466 nam
740 1429 821 1482 saepe
839 1412 922 1466 etiam
934 1427 1005 1465 nuuc

150 1489 237 1544 ubera
254 1507 433 1543 mammarum
451 1490 479 1542 in
498 1490 598 1543 somnis
616 1489 747 1543 lactantia
764 1491 884 1557 quaeret.
968 1503 1005 1541 aas

150 1569 214 1635 post
231 1565 279 1619 ubi
297 1582 375 1620 ecum
393 1566 499 1619 validae
518 1566 589 1619 vires
607 1568 699 1619 aetate
718 1568 828 1618 senecta

150 1642 326 1712 membraque
345 1642 476 1696 deficiunt
493 1642 608 1710 fugienti
626 1641 756 1710 languida
773 1641 837 1708 vita,

151 1721 211 1772 tum
232 1719 342 1772 demum
360 1735 445 1788 puero
463 1718 509 1774 olli
527 1735 593 1772 aevo
611 1719 725 1772 florente
743 1717 867 1772 iuventas

151 1795 251 1864 occipit
268 1799 298 1849 et
315 1795 390 1849 molli
408 1795 491 1850 vestit
510 1796 635 1864 lanugine
653 1795 744 1848 malas.

150 1887 185 1925 ne
203 1872 274 1926 forte
293 1889 327 1926 ex
346 1871 455 1925 homine
473 1877 502 1926 et
519 1873 642 1925 veterino
661 1872 763 1924 semine
781 1887 912 1938 equorum
969 1886 1004 1924 sn

149 1947 259 2001 confieri
277 1948 374 2002 credas
392 1949 543 2004 Centauros
561 1965 641 2017 posse
658 1939 753 2016 neque*
765 1961 832 2013 esse,

148 2027 197 2078 aut
213 2024 316 2078 rabidis
334 2024 446 2078 canibus
465 2025 616 2078 succinctas
634 2022 814 2076 semimarinis

149 2100 307 2168 corporibus
326 2101 428 2170 Scyllas
446 2105 476 2154 et
494 2105 586 2156 cetera
604 2101 639 2153 de
657 2115 759 2168 genere
776 2099 881 2166 horum,

148 2174 221 2228 inter
239 2191 268 2229 sc
287 2193 401 2245 quorum
420 2177 557 2230 discordia
574 2175 697 2229 membra
714 2174 852 2240 videmus;

149 2267 220 2319 quae
237 2268 326 2320 neque
343 2251 490 2305 florescunt
508 2252 612 2321 pariter
629 2268 678 2304 nee
696 2250 795 2303 robora
813 2255 925 2305 sumunt
968 2266 1002 2304 aa

149 2327 307 2396 corporibus
324 2344 414 2396 neque
431 2328 567 2396 proiciimt
585 2329 677 2380 aetate
695 2329 805 2379 senecta
907 2325 908 2329 ’

148 2419 199 2457 nec
217 2403 297 2456 simili
317 2403 426 2456 Venere
444 2403 591 2456 ardescunt
608 2419 658 2456 nee
677 2401 798 2454 moribus
815 2402 876 2454 unis

148 2478 319 2545 conveniunt,
338 2496 427 2548 neque
446 2481 509 2531 sunt
527 2477 623 2533 eadem
641 2477 759 2530 iucunda
776 2493 826 2546 per
843 2480 926 2531 artus.

149 2555 251 2624 quippe
269 2555 364 2609 videre
382 2555 447 2609 lieet
464 2555 642 2625 pinguescere
661 2569 741 2622 saepe
759 2553 864 2607 cicutae

149 2631 306 2700 barbigeras
319 2632 446 2702 pecudes,
457 2631 559 2685 homini
571 2647 641 2699 quae
653 2633 697 2683 est
708 2646 771 2683 acre
783 2645 923 2682 venenum.
968 2641 1002 2681 aaa

149 2705 258 2760 flamma
276 2708 387 2776 quidem
405 2724 469 2762 cero
487 2725 548 2761 eum
566 2723 681 2776 corpora
699 2706 773 2760 fulva
791 2706 899 2758 leonum

148 2785 206 2836 tam
225 2783 311 2838 soleat
328 2787 433 2839 torrere
452 2788 535 2853 atque
553 2801 634 2838 urere
651 2799 732 2852 quam
750 2798 836 2850 genus
854 2796 934 2834 omne

148 2859 259 2913 visceris
277 2860 305 2913 in
322 2861 404 2915 terris
422 2861 611 2931 quodcumque
629 2864 658 2915 ct
676 2858 813 2927 sanguinis
830 2860 914 2924 extet,

149 2936 196 3003 qui
214 2936 274 2990 lieri
291 2937 389 3006 potuit,
407 2938 507 3006 triplici
526 2954 588 2991 cum
606 2952 720 3006 corpore
737 2938 769 2988 ut
786 2951 848 3001 una,

148 3011 238 3081 prima
255 3012 305 3081 leo,
324 3018 463 3083 postrema
481 3015 571 3082 draco,
589 3013 679 3067 media
695 3014 762 3082 ipsa,
782 3011 925 3065 Chimaera
966 3021 1003 3062 eet

149 3104 195 3142 oro
213 3089 285 3142 foras
303 3106 394 3143 acrem
412 3090 491 3145 flaret
510 3090 545 3144 de
563 3107 678 3160 corpore
696 3082 851 3144 flammaml

149 3181 234 3233 quare
252 3165 335 3220 etiam
352 3167 451 3221 tellure
468 3165 538 3220 nova
556 3167 684 3235 caeloque
703 3165 807 3218 recenti

150 3241 216 3295 talia
234 3243 280 3310 qui
298 3243 379 3310 fingit
396 3245 517 3314 potuisse
535 3244 662 3297 animalia
678 3243 760 3311 gigni,
