2244 3532
116 147 134 202 8
408 189 410 194 .
533 143 550 199 1

115 265 205 316 nequa
222 247 295 301 sorte
313 250 405 300 tamen
424 249 535 313 coeptes
554 245 679 300 diffidere
697 248 786 317 dietis,

64 375 77 400 ⁴
113 315 193 394 'quod
209 325 349 391 nequeunt
366 321 453 375 oeulis
469 338 562 375 rerum
580 322 730 390 primordia
747 325 830 392 cerni,

115 401 206 468 accipe
225 402 369 468 praeterea
386 414 455 466 quae
474 414 588 466 corpora
605 402 666 452 tute
684 404 822 455 necessest

116 475 262 530 confiteare
280 491 340 528 esse
357 475 386 527 in
403 473 486 527 rebus
503 490 554 528 nee
571 476 766 544 possesideri.
778 475 918 617 Aba
933 489 970 532 no
1046 505 1050 512 ·

52 475 87 768 ζ
116 551 249 620 principio
266 551 342 604 venti
359 550 401 603 vis
418 550 547 605 verberat
565 550 648 604 incita
665 557 761 620 pertus

116 627 290 696 ingentisque
307 627 364 680 ruit
381 627 457 680 navis
475 629 504 680 et
522 626 615 680 nubila
633 628 734 694 differt,

116 701 258 758 interdum
275 702 371 778 rapidp
389 719 552 770 percurrens
569 702 680 786 thipe
699 721 808 773 campos
834 665 955 847 Δίωγ

118 778 261 832 arboribus
278 778 384 846 magnis
403 778 503 831 sternit
521 778 676 846 mentisque
695 796 836 848 supremos

119 855 265 922 silvifragis
283 857 365 908 vexat
382 833 491 982 11Ῥῶ
513 854 553 908 ita
570 854 689 922 perfurit
706 856 762 908 acri
935 868 971 909 275

118 947 180 984 cum
197 929 310 984 fremitu
328 929 469 997 saevique
487 929 585 983 minaci
604 947 744 983 murmure
761 934 865 984 ventus.

118 1009 182 1060 erint
199 1006 285 1074 igitur
302 1005 376 1058 venti
394 1004 522 1058 nimirum
540 1021 654 1074 corpora
670 1021 751 1060 caeca

119 1098 190 1151 quae
207 1097 290 1148 mare,
309 1097 380 1149 quae
398 1084 493 1148 terras,
512 1097 582 1148 quac
601 1081 719 1150 denique
738 1080 830 1134 nubila
847 1081 915 1135 caeli

119 1160 232 1212 verrunt
250 1174 281 1211 ae
298 1156 390 1210 subite
407 1156 534 1210 vexantia
552 1156 662 1210 turbine
679 1161 798 1226 raptant,

120 1249 170 1287 nee
187 1233 293 1286 ratione
310 1231 397 1286 flurmt
415 1233 468 1286 alis
485 1235 660 1301 stragemque
678 1235 832 1302 propagant
935 1246 972 1285 aee

121 1313 229 1364 etcum
247 1308 336 1362 mollis
354 1325 441 1378 aquae
459 1307 548 1361 fertur
567 1311 666 1362 natura
685 1313 799 1378 repente

122 1384 231 1438 flumine
248 1383 406 1451 abundanti,
424 1400 507 1453 quarn
524 1384 606 1452 largis
624 1383 759 1438 imbribus
776 1387 860 1453 auget

121 1459 257 1514 mentibus
276 1477 310 1514 ex
329 1461 392 1513 altis
410 1476 524 1528 magnus
542 1461 675 1514 decursus
693 1461 774 1530 aquai

120 1536 255 1604 fragmina
272 1535 406 1590 coniciens
425 1535 553 1588 silvarum
571 1535 737 1606 arbustaque
755 1540 822 1601 teta,

121 1628 172 1666 nee
188 1611 271 1665 validi
287 1614 402 1680 possunt
420 1615 516 1680 pentes
533 1612 666 1666 venientis
684 1613 764 1680 aquai
936 1625 973 1665 ase

123 1688 176 1741 vim
195 1687 312 1740 subitam
331 1686 464 1740 tolerare:
489 1686 530 1740 ita
547 1703 646 1756 magno
664 1687 792 1743 turbidus
810 1687 891 1742 imbri

6 1750 237 1912 'WMUQ
254 1762 370 1815 incurrit
388 1761 485 1816 validis
502 1779 563 1817 crnn
581 1763 684 1819 uiribus
702 1764 795 1832 amuis.

123 1840 172 1894 dat
190 1839 281 1893 sonitu
297 1854 396 1906 magno
414 1842 533 1907 stragem
553 1839 692 1909 volvitque
711 1839 762 1894 sub
780 1840 860 1894 undis

122 1915 237 1984 grandia
255 1932 319 1968 saxa
338 1915 445 1982 ruitque
461 1933 533 1984 aqna
552 1915 687 1984 quidquid
705 1915 832 1970 fluetibus
850 1915 949 1969 obstat.

124 1993 162 2046 sie
180 1993 264 2060 igitur
282 1992 385 2046 debent
403 1992 475 2046 venti
495 2008 604 2060 quaque
623 1993 731 2046 flamina
748 1993 822 2060 ferri,
937 2005 974 2045 nso

125 2085 194 2136 qnae
214 2068 297 2122 veluti
316 2067 435 2121 validum
453 2084 515 2121 enm
534 2068 633 2122 flumen
651 2067 822 2137 procubuere

125 2145 276 2214 qnarnlibct
293 2145 319 2198 in
338 2148 453 2213 partem,
473 2145 591 2218 trudunt
607 2162 652 2198 res
669 2148 734 2198 ante
751 2147 891 2213 ruuntque

125 2221 273 2290 impetibus
289 2221 399 2286 crebris,
417 2221 557 2275 interdum
576 2221 677 2274 vertice
695 2223 788 2288 tortoe

124 2297 274 2366 corripiunt
292 2297 442 2366 rapideque
460 2297 561 2350 rotanti
580 2295 691 2349 turbine
708 2298 828 2364 portant.

124 2391 208 2444 quare
226 2373 307 2428 etiam
326 2379 411 2442 atque
429 2374 512 2428 etiam
530 2376 594 2427 sunt
611 2372 686 2426 venti
704 2389 818 2441 corpora
834 2389 921 2441 caeca,
939 2387 975 2426 aes
993 2365 1012 2400 ⁹

124 2450 345 2520 quandoquidem
362 2450 443 2504 factis
462 2453 491 2502 ct
509 2449 680 2518 naqu‘hQae
709 2448 755 2501 ula
772 2448 878 2517 magnis
923 2433 980 2509 ᾗ

125 2527 249 2580 annalibus
266 2527 448 2592 inveniuntur,
468 2528 564 2593 aperte
582 2465 848 2592 eorpeffiffsunt.

125 2607 184 2656 tum
202 2619 283 2672 porro
302 2602 388 2654 varies
406 2617 498 2654 rorum
517 2600 648 2653 sentimus
666 2599 764 2653 ederes

126 2696 175 2733 rree
193 2684 285 2732 tamen
303 2675 338 2729 ad
357 2677 429 2728 naris
448 2675 580 2728 venientis
598 2675 732 2727 cernimus
749 2692 887 2743 umquam,

126 2771 175 2808 nce
193 2753 294 2808 calidos
312 2756 405 2806 aestus
423 2751 526 2804 tuinur
544 2767 594 2804 nee
611 2750 711 2816 frigora
730 2751 838 2818 quimus
941 2765 977 2805 sca

127 2846 257 2898 usurpare
267 2828 359 2900 mnis
377 2843 426 2880 nce
444 2843 522 2880 voces
540 2843 651 2880 cernere
670 2842 793 2891 suemus;

127 2923 196 2975 qnae
214 2910 306 2959 tamen
325 2903 414 2957 omnia
432 2919 562 2971 corporea
580 2905 705 2969 constare
723 2905 862 2956 necessest

128 2986 233 3047 natura,
252 2980 379 3049 quoniam
398 2995 492 3033 sensus
509 2978 640 3047 inpellere
658 2981 778 3048 possunt.

128 3062 242 3125 tangere
259 3056 332 3109 enim
351 3060 381 3110 et
399 3056 481 3123 tangi,
499 3054 551 3108 nisi
570 3070 675 3123 corpus,
694 3053 768 3107 nulla
785 3056 878 3123 potest
895 3070 946 3108 res.

129 3133 247 3200 deniqne
265 3131 418 3200 llrretifrage
436 3147 584 3199 suspensae
603 3131 629 3183 in
649 3131 730 3184 litere
748 3134 839 3184 vestes
942 3145 978 3186 305

129 3210 267 3274 uvemnnt,
286 3206 398 3261 eaedem
415 3185 562 3276 dispansae
580 3208 608 3261 in
627 3207 682 3260 sole
701 3209 848 3261 senescunt.
