2244 3532
583 157 599 213 I

151 264 200 338 Pi»
208 277 371 346 litque-‘1¹1⁰
388 265 469 330 pacto
486 261 643 329 persederit
661 279 739 318 umor
757 268 838 335 aquai

159 341 345 391 vrsumst¹nec
362 354 470 390 rursum
488 355 542 406 quo
560 343 641 407 paeto
659 341 761 408 fugerit
779 347 864 410 aestu.

159 414 186 467 in
204 430 302 482 parvas
321 414 407 481 igitur
424 414 510 483 partis
529 415 701 485 dispergitur
718 435 797 472 umor

160 505 228 558 quas
245 491 315 544 oculi
335 490 411 544 nulla
428 494 541 560 possunt
560 493 666 547 ratione
684 494 785 550 videre.
979 510 1015 550 aro

160 567 226 635 quin
244 567 329 621 etiam
347 567 440 621 multis
459 567 523 621 solis
544 568 724 624 redeuntibus
741 572 818 626 annis

159 643 256 697 anulus
273 644 302 697 in
321 643 408 712 digito
426 642 522 698 subter
544 649 674 700 tenuatur
690 646 823 714 habendo,

8 702 150 822 W
161 719 272 774 stilicidi
289 736 366 774 casus
384 720 503 789 lapidem
524 726 609 788 cavat,
628 740 713 777 uncus
731 724 816 778 aratri

159 796 265 850 ferreus
282 799 387 852 occulte
407 797 542 852 decrescit
562 816 578 851 v
624 815 639 852 e
673 799 701 851 in
719 800 798 866 arvis,

161 875 302 941 strataque
319 874 374 927 iam
393 874 465 942 volgi
483 815 723 942 pedibrffitrita
740 875 845 929 viarum
979 890 1015 928 ³15

161 965 242 1003 saxea
260 950 452 1018 conspicimus3
477 957 536 1003 tum
555 953 650 1020 portas
669 960 783 1021 propter
800 969 869 1006 aena

161 1024 240 1093 signa
256 1043 352 1079 manus
369 1026 483 1080 dextras
502 1026 652 1082 ostendunt
670 1028 813 1082 adtenuari

162 1117 243 1169 saepe
260 1103 429 1156 salutantum
448 1105 525 1157 tactu
542 1107 708 1183 propterque
726 1109 871 1158 meantum.
900 1101 943 1169 Τ

161 1176 228 1231 haec
245 1177 331 1245 igItur
348 1179 441 1244 minui,
460 1195 522 1232 eum
541 1179 596 1233 sint
614 1179 724 1247 detrita,
743 1180 875 1234 videmus

99 1271 100 1274 ¹
163 1253 212 1306 sed
231 1269 300 1320 quae
318 1270 431 1322 corpora
450 1253 585 1308 decedant
603 1254 632 1307 in
650 1258 774 1323 tempore
793 1272 908 1325 quoquo,
978 1270 1014 1309 ooo

162 1328 254 1381 invida
270 1329 419 1397 praeclusit
437 1330 554 1398 spatium
572 1334 672 1384 natura
690 1331 808 1386 videndi.

162 1408 303 1473 postremo
321 1421 510 1474 quaecumque
528 1406 588 1460 dies
607 1410 758 1475 naturaque
776 1407 859 1462 rebus

162 1480 294 1548 paulatim
313 1479 418 1547 tribuit,
438 1481 601 1536 moderatim
620 1497 744 1535 crescere
762 1498 869 1549 cogens,

162 1555 236 1609 mdla
253 1560 345 1625 potest
363 1557 501 1611 oculorum
520 1558 592 1612 acies
609 1560 738 1611 contente
756 1559 835 1625 tueri,

163 1647 213 1685 nco
229 1649 311 1701 porro
329 1649 517 1702 quaecumque
535 1651 602 1688 aevo
620 1634 761 1703 macieque
779 1637 938 1698 senescunt;
979 1648 1016 1687 ³25
1048 1634 1058 1642 ⁷

162 1724 218 1773 nec,
236 1724 311 1763 mare
330 1726 401 1778 quae
418 1710 575 1777 inpendent,
594 1727 680 1796 VQ
693 1711 749 1764 sale
768 1727 834 1764 saxa
850 1726 947 1779 peresa

164 1783 232 1852 quid
250 1802 358 1854 quoque
377 1786 506 1840 amittant
523 1787 551 1840 in
569 1790 694 1856 tempore
712 1804 825 1841 eernere
843 1786 937 1854 possis.
1069 1825 1071 1843 .

164 1860 322 1929 corporibus
339 1862 426 1915 caecis
443 1862 529 1930 igitur
547 1866 646 1917 natura
662 1863 736 1929 gerit
753 1880 805 1916 res.

199 1936 257 1990 Nee
275 1943 367 1991 tamen
385 1938 508 2008 undiquc
525 1955 655 2007 corporea
673 1938 775 2007 stipata
793 1941 924 1991 tenentur

165 2013 256 2066 omnia
273 2017 386 2078 natura3
411 2031 528 2082 namque
547 2015 635 2069 estin
653 2013 737 2067 rebus
755 2014 841 2067 inane.
980 2027 1016 2067 ooo

165 2088 240 2156 quod
257 2089 309 2143 tibi
326 2106 456 2157 cognosse
474 2090 502 2142 in
520 2090 613 2145 multis
631 2089 685 2144 erit
703 2090 771 2144 utile
790 2090 873 2142 rebus

165 2180 215 2218 neo
233 2164 304 2220 sinet
321 2169 458 2219 errantem
478 2165 605 2221 dubitare
624 2170 653 2220 et
671 2182 803 2235 quaerere
822 2181 930 2234 semper

166 2240 202 2294 de
220 2257 325 2294 summa
342 2257 435 2294 rerum
453 2244 482 2295 et
500 2243 600 2296 nostris
619 2242 744 2296 diffidere
762 2242 850 2296 dictis.

166 2331 216 2369 Qua
226 2331 331 2364 norrun
342 2332 416 2364 Locus
427 2333 468 2364 EST
479 2331 596 2364 [uramus
608 2332 685 2364 mann
697 2331 841 2370 VACANSQUE

166 2391 241 2460 quod
258 2392 281 2446 si
299 2408 353 2445 non
370 2395 451 2457 esset,
469 2389 544 2443 nulla
561 2391 667 2444 ratione
684 2393 787 2444 moveri

166 2484 210 2520 res
228 2471 354 2537 possent;
378 2482 495 2534 namque
513 2465 629 2555 ofiqum
647 2465 721 2534 quod
739 2465 860 2534 corporis
877 2468 976 2533 exstat,

167 2543 275 2597 officere
292 2547 376 2612 atque
395 2541 512 2608 obstare,
530 2543 560 2596 1d
577 2543 605 2596 in
623 2543 695 2595 omni
713 2545 837 2611 tempore
855 2541 967 2596 adesset

167 2618 307 2684 onmibus3
330 2619 404 2680 houd
421 2619 507 2687 igitur
525 2619 671 2687 quicquam
688 2619 839 2688 procedere
856 2620 957 2686 posset,

167 2694 328 2764 principium
347 2697 473 2764 quoniam
492 2695 608 2749 cedendi
626 2695 700 2748 nulla
718 2695 798 2749 daret
815 2711 867 2748 res.

167 2775 197 2824 at
215 2788 286 2825 nunc
303 2787 353 2840 per
370 2773 455 2825 maria
472 2789 503 2825 oo
521 2777 610 2826 terras
628 2771 800 2839 sublimaque
817 2770 885 2823 caeli
983 2785 1019 2823 aro

168 2847 255 2900 multa
271 2847 360 2901 modis
377 2847 471 2901 multis
489 2833 564 2902 viria
581 2848 688 2901 ratione
705 2847 808 2900 moveri

169 2924 304 2977 cemimus
322 2926 386 2977 ante
405 2924 503 2990 oculos,
522 2941 601 2994 quae,
620 2924 643 2977 si
661 2939 715 2976 non
733 2924 807 2975 esset
824 2921 911 2989 inane,

169 3015 223 3052 non
240 3002 298 3052 tam
316 2999 432 3053 sollicito
451 3004 526 3054 motu
545 3001 651 3069 privata
670 3001 796 3052 carerent

170 3091 252 3144 quam
269 3076 362 3144 genita
376 3065 487 3128 omnino
506 3076 580 3129 nulla
597 3074 703 3128 rationo
722 3073 846 3140 fuissent,

169 3150 289 3220 undique
307 3152 437 3206 materies
456 3153 582 3220 quoniam
601 3151 702 3219 stipata
721 3150 849 3219 quiesset.
984 3163 1020 3203 aa

170 3230 312 3296 practerea
330 3227 452 3298 quamvis
471 3227 573 3282 solidae
590 3245 635 3282 res
653 3244 713 3282 esso
731 3229 871 3296 putentur,
