2244 3532
510 143 546 176 XX

151 267 202 318 690
213 277 264 330 pre
278 268 390 310 sUBfflS
407 258 511 327 optime
523 257 687 324 Bernaysius
699 256 786 310 subiit
797 256 831 310 si.
867 258 952 312 Lach-

98 333 213 404 niannus
224 347 341 412 subiens,
353 349 382 399 ct
394 361 540 414 expressus
551 361 601 412 pro
614 354 779 398 OPPsnssUs

153 441 203 494 734
214 451 265 503 pro
278 445 413 486 cortines
426 433 615 486 Lachmannus
626 432 794 498 wntapibus.

153 526 202 581 736
228 521 359 575 librorum
383 532 448 572 CUM
469 519 595 574 defendit
618 518 817 573 Lachmannus.
856 519 953 588 scripsi

100 609 177 678 quod
187 625 249 662 cum
261 607 348 661 amico
361 607 452 661 Fabri.
487 607 652 676 Bernaysius
663 607 718 660 cui.

47 696 51 708 ²
154 699 204 754 738
227 711 278 764 pro
305 706 346 745 UT
365 706 482 753 QUIOUM
506 695 609 763 optime
634 693 799 762 Bernaysius
822 693 953 760 quidum.

104 781 292 836 Lachnrannus
304 797 366 834 curn
380 779 512 834 Lambino
524 787 556 834 ut
568 781 637 834 iam.

155 871 205 924 784
217 882 268 935 pre
286 878 320 918 ΙΝ
333 878 408 918 anno
421 866 609 920 Lachrnannus
629 867 707 935 salso,
720 866 824 934 quodv
839 871 896 934 129,
908 866 954 919 ubi

102 953 146 1006 hic
162 967 258 1005 versus
275 951 400 1020 iteratur,
412 952 520 1020 legitur.
556 953 606 1006 sed
623 953 693 1006 tales
712 953 913 1021 discrepantiae
927 952 955 1004 in

103 1036 228 1090 vcrsibus
240 1037 314 1105 apud
327 1036 485 1091 Lucretium
498 1039 605 1092 iteratis
617 1056 670 1092 nen
683 1055 745 1093 raro
756 1039 932 1094 inveniuntur

73 1163 75 1166 -
156 1125 301 1190 ise-793,
314 1121 361 1190 qui
372 1121 416 1175 hic
429 1125 457 1176 et
469 1123 496 1176 in
509 1122 579 1176 libro
592 1139 610 1176 v
623 1124 680 1178 sine
693 1125 749 1177 ulla
760 1125 873 1178 minima
884 1123 952 1178 eodi-

103 1223 165 1260 eum
187 1207 372 1276 discrepantia
391 1207 528 1276 leguntur,
545 1209 597 1262 nisi
613 1211 699 1278 fallor,
717 1211 839 1264 oratione
860 1211 956 1264 melius

104 1292 235 1346 distincta
253 1294 352 1346 sanavi.
388 1293 472 1347 verba
484 1302 577 1362 posset
594 1296 672 1349 enim
686 1297 775 1350 cicuitu
789 1296 956 1365 1111111,ᾳυὶ-

104 1378 155 1432 bns
175 1379 345 1446 significatur
367 1379 443 1432 ‘nam
468 1380 519 1434 huc
540 1381 614 1449 qnod
639 1381 762 1435 dicturus
786 1399 846 1435 sum
870 1382 957 1436 multo

104 1465 216 1533 facilius,
230 1465 393 1535 quamillud
406 1467 547 1535 quodiam
561 1467 625 1535 dixi,
639 1469 699 1520 ficri
715 1469 823 1537 posset',
837 1485 853 1520 a
865 1471 957 1522 cetera

106 1553 228 1604 oratione
240 1551 329 1604 curvis
341 1552 420 1606 lineis
433 1553 563 1621 separavi.
594 1554 636 1607 ed.
656 1555 728 1606 Iunt.
746 1555 808 1608 Hoc
825 1555 853 1607 si
868 1560 958 1622 posset

105 1640 192 1704 anim,
207 1640 296 1692 multo
313 1642 365 1692 cet.
402 1639 592 1694 Lachmannus
610 1641 689 1706 Quid
706 1643 732 1695 si
746 1649 838 1710 posset
854 1641 957 1696 enim?

105 1726 194 1780 mutto
213 1727 264 1778 cet
299 1723 418 1794 protasis
432 1741 498 1778 vere
513 1726 666 1780 sentcntiae
677 1727 706 1779 in
718 1742 783 1780 voce
796 1732 883 1794 parte
899 1728 958 1779 tan-

106 1809 170 1864 dem
184 1809 293 1862 desinit.
878 1830 879 1833 ¹

159 1903 207 1952 851
221 1896 284 1949 libu·
296 1907 487 1950 nnpnnnNTIA.
522 1897 711 1954 Lachmannus
726 1897 889 1951 retinentia.

56 1983 57 1987 ’
161 1990 210 2040 862
229 2001 280 2054 pre
299 1995 440 2035 msnsnsr
459 1988 523 2056 aute
543 1975 745 2040 Lachmannum
768 1985 911 2040 Turnebus
931 1988 959 2039 et

109 2075 145 2127 Is.
158 2072 273 2126 Vossius
285 2071 388 2125 misere
401 2071 433 2124 si.
780 2105 781 2109 =

161 2164 211 2214 868
223 2174 273 2227 pro
286 2160 416 2226 corrupto
428 2156 559 2210 librorum
578 2169 721 2210 ANNULLO
737 2168 859 2209 ANULLO
877 2154 961 2209 Lach-

108 2260 230 2311 manuus,
245 2242 373 2312 quoniam
393 2245 482 2296 ‘anne
494 2242 551 2296 uilo
561 2243 658 2308 faerit
672 2259 753 2311 quam
765 2244 841 2296 recte
853 2241 962 2295 dicatur

109 2331 236 2399 ignorat’,
257 2336 323 2384 urata
343 2329 400 2382 allo
421 2328 539 2398 scripsit.
577 2329 626 2383 sed
645 2329 763 2395 dufer-re
779 2328 876 2394 fucrit
894 2327 962 2379 mihi

109 2420 185 2472 certe
196 2433 249 2470 non
263 2416 393 2470 Latinum
405 2415 524 2470 videtur.
560 2415 654 2483 itaque
666 2414 727 2468 iana
738 2414 796 2467 ailo
809 2413 881 2467 dedi.
963 2425 968 2479 ᾗ

163 2507 307 2556 904-908.
341 2499 385 2553 his
400 2499 527 2554 uersibus
545 2498 703 2567 apostrophi
722 2499 829 2567 signum
847 2499 960 2566 Bernap

110 2589 166 2643 sius
178 2591 255 2643 recte
267 2588 400 2656 apposuit

118 2726 121 2733 .
163 2680 213 2730 935
248 2672 313 2726 libri
326 2688 390 2726 run
406 2687 465 2727 nnn
480 2688 547 2726 vna
561 2687 710 2727 mundun.
729 2688 822 2726 vocem
838 2678 965 2726 anteacta

110 2762 272 2832 transposui.
309 2760 499 2815 Lachmannus
510 2763 577 2816 buce
588 2762 721 2831 postfuit
732 2761 845 2816 infulsit.

164 2855 214 2905 962
249 2864 299 2918 pre
324 2862 462 2902 rennuunt
482 2863 588 2902 Mnanrs
608 2848 703 2916 scripsi
724 2848 845 2915 spadum
865 2847 967 2900 bunut
1009 2845 1010 2849 ’

112 2938 166 2993 ais.
187 2937 376 2991 Lachmannus
397 2928 517 3004 spadam
538 2933 643 3004 diurnis.
661 2935 825 3003 Bernaysius
845 2934 966 3002 apertum
1028 2937 1033 2955 ⁴

111 3025 213 3092 puetis.

167 3117 232 3164 1005
267 3126 318 3180 pro
342 3123 448 3164 emeuu
471 3108 660 3162 Lachmannus
678 3105 738 3160 sine
754 3121 836 3160 cama
854 3105 968 3175 victam,

114 3196 189 3266 qued
200 3213 262 3252 cum
273 3194 504 3267 praecedentibus
517 3192 665 3262 coniungit.
