<?xml version="1.0" encoding="UTF-8"?>
<!DOCTYPE html PUBLIC "-//W3C//DTD XHTML 1.0 Transitional//EN"
    "http://www.w3.org/TR/xhtml1/DTD/xhtml1-transitional.dtd">
<html xmlns="http://www.w3.org/1999/xhtml" xml:lang="en" lang="en">
 <head>
  <title>
</title>
<meta http-equiv="Content-Type" content="text/html;charset=utf-8" />
  <meta name='ocr-system' content='tesseract 3.04.00' />
  <meta name='ocr-capabilities' content='ocr_page ocr_carea ocr_par ocr_line ocrx_word'/>
</head>
<body>
  <div class='ocr_page' id='page_1' title='image "./tlucreticarider11carugoog_0191.png"; bbox 0 0 2234 3526; ppageno 0'>
   <div class='ocr_carea' id='block_1_1' title="bbox 580 108 1023 168">
    <p class='ocr_par' dir='ltr' id='par_1_1' title="bbox 580 108 1023 168">
     <span class='ocr_line' id='line_1_1' title="bbox 580 108 1023 168; baseline 0.009 -4"><span class='ocrx_word' id='word_1_1' title='bbox 580 108 608 164; x_wconf 92' lang='lat' dir='ltr'>V</span> <span class='ocrx_word' id='word_1_2' title='bbox 967 110 1023 168; x_wconf 80' lang='lat'>145</span> 
     </span>
    </p>
   </div>
   <div class='ocr_carea' id='block_1_2' title="bbox 107 213 1027 3183">
    <p class='ocr_par' dir='ltr' id='par_1_2' title="bbox 160 213 1027 1645">
     <span class='ocr_line' id='line_1_2' title="bbox 168 213 864 284; baseline -0.001 -15"><span class='ocrx_word' id='word_1_3' title='bbox 168 215 356 284; x_wconf 79' lang='lat' dir='ltr'><strong>nympharum,</strong></span> <span class='ocrx_word' id='word_1_4' title='bbox 374 213 473 283; x_wconf 88' lang='lat' dir='ltr'>quibus</span> <span class='ocrx_word' id='word_1_5' title='bbox 490 231 506 268; x_wconf 84' lang='lat' dir='ltr'>c</span> <span class='ocrx_word' id='word_1_6' title='bbox 524 213 630 267; x_wconf 91' lang='lat' dir='ltr'>scibant</span> <span class='ocrx_word' id='word_1_7' title='bbox 648 213 742 266; x_wconf 85' lang='lat' dir='ltr'>umori&#39;</span> <span class='ocrx_word' id='word_1_8' title='bbox 762 213 864 268; x_wconf 85' lang='lat' dir='ltr'>fluenta</span> 
     </span>
     <span class='ocr_line' id='line_1_3' title="bbox 169 289 1027 357; baseline 0.002 -13"><span class='ocrx_word' id='word_1_9' title='bbox 169 291 273 344; x_wconf 89' lang='lat' dir='ltr'>lubrica</span> <span class='ocrx_word' id='word_1_10' title='bbox 290 291 413 357; x_wconf 82' lang='lat' dir='ltr'>proluvie</span> <span class='ocrx_word' id='word_1_11' title='bbox 431 289 507 357; x_wconf 84' lang='lat' dir='ltr'>larga</span> <span class='ocrx_word' id='word_1_12' title='bbox 524 290 615 342; x_wconf 89' lang='lat' dir='ltr'>lavere</span> <span class='ocrx_word' id='word_1_13' title='bbox 633 289 726 343; x_wconf 86' lang='lat' dir='ltr'>umida</span> <span class='ocrx_word' id='word_1_14' title='bbox 743 305 815 356; x_wconf 82' lang='lat' dir='ltr'>saxa,</span> <span class='ocrx_word' id='word_1_15' title='bbox 991 306 1027 346; x_wconf 79' lang='lat' dir='ltr'>vso</span> 
     </span>
     <span class='ocr_line' id='line_1_4' title="bbox 168 365 819 434; baseline 0 -14"><span class='ocrx_word' id='word_1_16' title='bbox 168 367 261 420; x_wconf 88' lang='lat' dir='ltr'>umida</span> <span class='ocrx_word' id='word_1_17' title='bbox 279 383 351 434; x_wconf 81' lang='lat' dir='ltr'>saxa,</span> <span class='ocrx_word' id='word_1_18' title='bbox 371 383 452 434; x_wconf 87' lang='lat' dir='ltr'>super</span> <span class='ocrx_word' id='word_1_19' title='bbox 470 365 552 418; x_wconf 91' lang='lat' dir='ltr'>viridi</span> <span class='ocrx_word' id='word_1_20' title='bbox 570 365 702 419; x_wconf 88' lang='lat' dir='ltr'>stillantia</span> <span class='ocrx_word' id='word_1_21' title='bbox 719 379 819 433; x_wconf 87' lang='lat' dir='ltr'>museo,</span> 
     </span>
     <span class='ocr_line' id='line_1_5' title="bbox 168 443 927 512; baseline 0.001 -15"><span class='ocrx_word' id='word_1_22' title='bbox 168 447 197 498; x_wconf 88' lang='lat' dir='ltr'>et</span> <span class='ocrx_word' id='word_1_23' title='bbox 215 444 316 512; x_wconf 87' lang='lat' dir='ltr'>partim</span> <span class='ocrx_word' id='word_1_24' title='bbox 333 443 414 512; x_wconf 89' lang='lat' dir='ltr'>plano</span> <span class='ocrx_word' id='word_1_25' title='bbox 433 446 538 496; x_wconf 86' lang='lat' dir='ltr'>scatere</span> <span class='ocrx_word' id='word_1_26' title='bbox 556 446 639 510; x_wconf 88' lang='lat' dir='ltr'>atque</span> <span class='ocrx_word' id='word_1_27' title='bbox 658 459 802 512; x_wconf 82' lang='lat' dir='ltr'>erumpere</span> <span class='ocrx_word' id='word_1_28' title='bbox 819 452 927 512; x_wconf 60' lang='lat' dir='ltr'>campo:</span> 
     </span>
     <span class='ocr_line' id='line_1_6' title="bbox 167 519 850 588; baseline -0.001 -14"><span class='ocrx_word' id='word_1_29' title='bbox 167 520 283 574; x_wconf 86' lang='lat' dir='ltr'>necdum</span> <span class='ocrx_word' id='word_1_30' title='bbox 301 537 345 574; x_wconf 89' lang='lat' dir='ltr'>rcs</span> <span class='ocrx_word' id='word_1_31' title='bbox 363 521 420 588; x_wconf 87' lang='lat' dir='ltr'>igni</span> <span class='ocrx_word' id='word_1_32' title='bbox 438 519 545 573; x_wconf 76' lang='lat' dir='ltr'>scibant</span> <span class='ocrx_word' id='word_1_33' title='bbox 562 522 683 573; x_wconf 89' lang='lat' dir='ltr'>tractare</span> <span class='ocrx_word' id='word_1_34' title='bbox 701 536 791 588; x_wconf 88' lang='lat' dir='ltr'>neque</span> <span class='ocrx_word' id='word_1_35' title='bbox 808 521 850 573; x_wconf 88' lang='lat' dir='ltr'>nti</span> 
     </span>
     <span class='ocr_line' id='line_1_7' title="bbox 167 596 818 665; baseline -0.003 -15"><span class='ocrx_word' id='word_1_36' title='bbox 167 597 283 664; x_wconf 91' lang='lat' dir='ltr'>pellibus</span> <span class='ocrx_word' id='word_1_37' title='bbox 301 601 330 651; x_wconf 93' lang='lat' dir='ltr'>et</span> <span class='ocrx_word' id='word_1_38' title='bbox 348 597 439 665; x_wconf 86' lang='lat' dir='ltr'>spoliis</span> <span class='ocrx_word' id='word_1_39' title='bbox 457 613 556 665; x_wconf 89' lang='lat' dir='ltr'>corpus</span> <span class='ocrx_word' id='word_1_40' title='bbox 574 596 675 650; x_wconf 89' lang='lat' dir='ltr'>vestire</span> <span class='ocrx_word' id='word_1_41' title='bbox 692 596 818 663; x_wconf 86' lang='lat' dir='ltr'>ferarum,</span> 
     </span>
     <span class='ocr_line' id='line_1_8' title="bbox 166 674 1026 744; baseline 0.002 -18"><span class='ocrx_word' id='word_1_42' title='bbox 166 674 216 727; x_wconf 88' lang='lat' dir='ltr'>sed</span> <span class='ocrx_word' id='word_1_43' title='bbox 228 691 339 728; x_wconf 87' lang='lat' dir='ltr'>nemora</span> <span class='ocrx_word' id='word_1_44' title='bbox 350 678 433 744; x_wconf 84' lang='lat' dir='ltr'>atque</span> <span class='ocrx_word' id='word_1_45' title='bbox 445 691 525 728; x_wconf 89' lang='lat' dir='ltr'>cavos</span> <span class='ocrx_word' id='word_1_46' title='bbox 537 675 637 732; x_wconf 87' lang='lat' dir='ltr'>montis</span> <span class='ocrx_word' id='word_1_47' title='bbox 648 674 783 740; x_wconf 83' lang='lat' dir='ltr'>silvasque</span> <span class='ocrx_word' id='word_1_48' title='bbox 795 675 921 729; x_wconf 86' lang='lat' dir='ltr'>colebant</span> <span class='ocrx_word' id='word_1_49' title='bbox 990 691 1026 729; x_wconf 72' lang='lat' dir='ltr'>sss</span> 
     </span>
     <span class='ocr_line' id='line_1_9' title="bbox 166 749 869 818; baseline -0.001 -15"><span class='ocrx_word' id='word_1_50' title='bbox 166 753 196 803; x_wconf 90' lang='lat' dir='ltr'>et</span> <span class='ocrx_word' id='word_1_51' title='bbox 213 751 325 804; x_wconf 82' lang='lat' dir='ltr'>frutices</span> <span class='ocrx_word' id='word_1_52' title='bbox 342 751 415 805; x_wconf 88' lang='lat' dir='ltr'>inter</span> <span class='ocrx_word' id='word_1_53' title='bbox 433 751 587 804; x_wconf 86' lang='lat' dir='ltr'>condebant</span> <span class='ocrx_word' id='word_1_54' title='bbox 606 750 730 818; x_wconf 87' lang='lat' dir='ltr'>squalida</span> <span class='ocrx_word' id='word_1_55' title='bbox 747 749 869 802; x_wconf 86' lang='lat' dir='ltr'>membra</span> 
     </span>
     <span class='ocr_line' id='line_1_10' title="bbox 165 825 824 895; baseline 0.002 -16"><span class='ocrx_word' id='word_1_56' title='bbox 165 825 281 880; x_wconf 89' lang='lat' dir='ltr'>verbera</span> <span class='ocrx_word' id='word_1_57' title='bbox 298 832 442 881; x_wconf 86' lang='lat' dir='ltr'>ventorum</span> <span class='ocrx_word' id='word_1_58' title='bbox 460 828 547 880; x_wconf 88' lang='lat' dir='ltr'>vitare</span> <span class='ocrx_word' id='word_1_59' title='bbox 565 826 714 895; x_wconf 86' lang='lat' dir='ltr'>imbrisque</span> <span class='ocrx_word' id='word_1_60' title='bbox 732 827 824 886; x_wconf 84' lang='lat' dir='ltr'>coacti.</span> 
     </span>
     <span class='ocr_line' id='line_1_11' title="bbox 164 904 968 972; baseline 0.002 -16"><span class='ocrx_word' id='word_1_61' title='bbox 164 918 215 956; x_wconf 88' lang='lat' dir='ltr'>nec</span> <span class='ocrx_word' id='word_1_62' title='bbox 231 920 373 957; x_wconf 89' lang='lat' dir='ltr'>commune</span> <span class='ocrx_word' id='word_1_63' title='bbox 390 904 492 957; x_wconf 90' lang='lat' dir='ltr'>bonum</span> <span class='ocrx_word' id='word_1_64' title='bbox 510 907 638 972; x_wconf 87' lang='lat' dir='ltr'>poterant</span> <span class='ocrx_word' id='word_1_65' title='bbox 656 907 781 972; x_wconf 87' lang='lat' dir='ltr'>spectare</span> <span class='ocrx_word' id='word_1_66' title='bbox 798 919 887 971; x_wconf 88' lang='lat' dir='ltr'>nequo</span> <span class='ocrx_word' id='word_1_67' title='bbox 905 904 968 958; x_wconf 91' lang='lat' dir='ltr'>ullis</span> 
     </span>
     <span class='ocr_line' id='line_1_12' title="bbox 164 979 804 1047; baseline -0.002 -15"><span class='ocrx_word' id='word_1_68' title='bbox 164 979 284 1032; x_wconf 84' lang='lat' dir='ltr'>moribus</span> <span class='ocrx_word' id='word_1_69' title='bbox 301 981 373 1033; x_wconf 86' lang='lat' dir='ltr'>iuter</span> <span class='ocrx_word' id='word_1_70' title='bbox 391 998 421 1034; x_wconf 91' lang='lat' dir='ltr'>se</span> <span class='ocrx_word' id='word_1_71' title='bbox 440 981 547 1042; x_wconf 77' lang='lat' dir='ltr'>scibant</span> <span class='ocrx_word' id='word_1_72' title='bbox 565 997 615 1034; x_wconf 85' lang='lat' dir='ltr'>nec</span> <span class='ocrx_word' id='word_1_73' title='bbox 633 979 739 1047; x_wconf 87' lang='lat' dir='ltr'>legibus</span> <span class='ocrx_word' id='word_1_74' title='bbox 756 979 804 1032; x_wconf 93' lang='lat' dir='ltr'>uti.</span> 
     </span>
     <span class='ocr_line' id='line_1_13' title="bbox 164 1056 1026 1125; baseline 0.005 -17"><span class='ocrx_word' id='word_1_75' title='bbox 164 1057 238 1124; x_wconf 91' lang='lat' dir='ltr'>quod</span> <span class='ocrx_word' id='word_1_76' title='bbox 256 1057 353 1124; x_wconf 88' lang='lat' dir='ltr'>cuique</span> <span class='ocrx_word' id='word_1_77' title='bbox 371 1057 510 1111; x_wconf 88' lang='lat' dir='ltr'>obtulerat</span> <span class='ocrx_word' id='word_1_78' title='bbox 528 1057 647 1125; x_wconf 86' lang='lat' dir='ltr'>praedae</span> <span class='ocrx_word' id='word_1_79' title='bbox 665 1056 781 1124; x_wconf 85' lang='lat' dir='ltr'>fortuna,</span> <span class='ocrx_word' id='word_1_80' title='bbox 800 1056 907 1111; x_wconf 86' lang='lat' dir='ltr'>ferebat</span> <span class='ocrx_word' id='word_1_81' title='bbox 990 1073 1026 1112; x_wconf 84' lang='lat' dir='ltr'>eoo</span> 
     </span>
     <span class='ocr_line' id='line_1_14' title="bbox 163 1131 914 1203; baseline 0.001 -17"><span class='ocrx_word' id='word_1_82' title='bbox 163 1137 260 1200; x_wconf 90' lang='lat' dir='ltr'>sponte</span> <span class='ocrx_word' id='word_1_83' title='bbox 278 1151 326 1187; x_wconf 90' lang='lat' dir='ltr'>sua</span> <span class='ocrx_word' id='word_1_84' title='bbox 344 1133 395 1187; x_wconf 89' lang='lat' dir='ltr'>sibi</span> <span class='ocrx_word' id='word_1_85' title='bbox 414 1135 530 1203; x_wconf 89' lang='lat' dir='ltr'>quisque</span> <span class='ocrx_word' id='word_1_86' title='bbox 547 1133 639 1187; x_wconf 85' lang='lat' dir='ltr'>valere</span> <span class='ocrx_word' id='word_1_87' title='bbox 656 1136 685 1186; x_wconf 90' lang='lat' dir='ltr'>et</span> <span class='ocrx_word' id='word_1_88' title='bbox 702 1133 794 1186; x_wconf 89' lang='lat' dir='ltr'>vivere</span> <span class='ocrx_word' id='word_1_89' title='bbox 812 1131 914 1187; x_wconf 91' lang='lat' dir='ltr'>doctus.</span> 
     </span>
     <span class='ocr_line' id='line_1_15' title="bbox 163 1209 887 1278; baseline -0.001 -16"><span class='ocrx_word' id='word_1_90' title='bbox 163 1212 191 1262; x_wconf 89' lang='lat' dir='ltr'>et</span> <span class='ocrx_word' id='word_1_91' title='bbox 209 1209 302 1262; x_wconf 88' lang='lat' dir='ltr'>Venus</span> <span class='ocrx_word' id='word_1_92' title='bbox 320 1211 348 1264; x_wconf 89' lang='lat' dir='ltr'>in</span> <span class='ocrx_word' id='word_1_93' title='bbox 366 1211 439 1263; x_wconf 90' lang='lat' dir='ltr'>silvis</span> <span class='ocrx_word' id='word_1_94' title='bbox 456 1210 587 1278; x_wconf 87' lang='lat' dir='ltr'>iungebat</span> <span class='ocrx_word' id='word_1_95' title='bbox 605 1225 718 1278; x_wconf 89' lang='lat' dir='ltr'>corpora</span> <span class='ocrx_word' id='word_1_96' title='bbox 734 1211 887 1275; x_wconf 80' lang='lat' dir='ltr'>amantum3</span> 
     </span>
     <span class='ocr_line' id='line_1_16' title="bbox 161 1285 854 1354; baseline 0 -16"><span class='ocrx_word' id='word_1_97' title='bbox 161 1285 321 1339; x_wconf 74' lang='lat' dir='ltr'>conciliabat</span> <span class='ocrx_word' id='word_1_98' title='bbox 338 1286 410 1340; x_wconf 86' lang='lat' dir='ltr'>enim</span> <span class='ocrx_word' id='word_1_99' title='bbox 428 1286 471 1340; x_wconf 85' lang='lat' dir='ltr'>vel</span> <span class='ocrx_word' id='word_1_100' title='bbox 490 1289 585 1339; x_wconf 88' lang='lat' dir='ltr'>mutua</span> <span class='ocrx_word' id='word_1_101' title='bbox 602 1301 738 1354; x_wconf 88' lang='lat' dir='ltr'>quamque</span> <span class='ocrx_word' id='word_1_102' title='bbox 756 1285 854 1352; x_wconf 91' lang='lat' dir='ltr'>cupido</span> 
     </span>
     <span class='ocr_line' id='line_1_17' title="bbox 162 1361 803 1430; baseline 0 -17"><span class='ocrx_word' id='word_1_103' title='bbox 162 1361 205 1413; x_wconf 89' lang='lat' dir='ltr'>vel</span> <span class='ocrx_word' id='word_1_104' title='bbox 223 1361 342 1415; x_wconf 88' lang='lat' dir='ltr'>violenta</span> <span class='ocrx_word' id='word_1_105' title='bbox 359 1362 410 1414; x_wconf 90' lang='lat' dir='ltr'>viri</span> <span class='ocrx_word' id='word_1_106' title='bbox 428 1363 468 1415; x_wconf 91' lang='lat' dir='ltr'>vis</span> <span class='ocrx_word' id='word_1_107' title='bbox 486 1365 571 1430; x_wconf 88' lang='lat' dir='ltr'>atque</span> <span class='ocrx_word' id='word_1_108' title='bbox 588 1362 702 1429; x_wconf 87' lang='lat' dir='ltr'>inpensa</span> <span class='ocrx_word' id='word_1_109' title='bbox 719 1361 803 1413; x_wconf 90' lang='lat' dir='ltr'>libido</span> 
     </span>
     <span class='ocr_line' id='line_1_18' title="bbox 160 1437 1025 1506; baseline 0.006 -17"><span class='ocrx_word' id='word_1_110' title='bbox 160 1437 203 1489; x_wconf 94' lang='lat' dir='ltr'>vel</span> <span class='ocrx_word' id='word_1_111' title='bbox 221 1437 346 1505; x_wconf 88' lang='lat' dir='ltr'>pretium,</span> <span class='ocrx_word' id='word_1_112' title='bbox 365 1437 477 1506; x_wconf 83' lang='lat' dir='ltr'>glandes</span> <span class='ocrx_word' id='word_1_113' title='bbox 496 1441 580 1506; x_wconf 83' lang='lat' dir='ltr'>atque</span> <span class='ocrx_word' id='word_1_114' title='bbox 598 1437 688 1491; x_wconf 86' lang='lat' dir='ltr'>orbita</span> <span class='ocrx_word' id='word_1_115' title='bbox 706 1438 749 1491; x_wconf 91' lang='lat' dir='ltr'>vol</span> <span class='ocrx_word' id='word_1_116' title='bbox 767 1437 827 1505; x_wconf 90' lang='lat' dir='ltr'>pira</span> <span class='ocrx_word' id='word_1_117' title='bbox 844 1437 923 1493; x_wconf 88' lang='lat' dir='ltr'>lecta.</span> <span class='ocrx_word' id='word_1_118' title='bbox 988 1445 1025 1494; x_wconf 77' lang='lat'>06⁵</span> 
     </span>
     <span class='ocr_line' id='line_1_19' title="bbox 161 1512 803 1582; baseline 0.002 -16"><span class='ocrx_word' id='word_1_119' title='bbox 161 1516 191 1566; x_wconf 90' lang='lat' dir='ltr'>et</span> <span class='ocrx_word' id='word_1_120' title='bbox 208 1529 336 1566; x_wconf 88' lang='lat' dir='ltr'>manuum</span> <span class='ocrx_word' id='word_1_121' title='bbox 355 1514 424 1567; x_wconf 86' lang='lat' dir='ltr'>mira</span> <span class='ocrx_word' id='word_1_122' title='bbox 441 1514 506 1568; x_wconf 88' lang='lat' dir='ltr'>lrcti</span> <span class='ocrx_word' id='word_1_123' title='bbox 524 1516 628 1568; x_wconf 88' lang='lat' dir='ltr'>virtute</span> <span class='ocrx_word' id='word_1_124' title='bbox 646 1512 803 1582; x_wconf 89' lang='lat' dir='ltr'>pedumque</span> 
     </span>
     <span class='ocr_line' id='line_1_20' title="bbox 161 1589 782 1645; baseline 0 -3"><span class='ocrx_word' id='word_1_125' title='bbox 161 1589 387 1644; x_wconf 85' lang='lat' dir='ltr'>consectabantur</span> <span class='ocrx_word' id='word_1_126' title='bbox 405 1590 539 1645; x_wconf 82' lang='lat' dir='ltr'>silvestria</span> <span class='ocrx_word' id='word_1_127' title='bbox 557 1591 646 1644; x_wconf 89' lang='lat' dir='ltr'>saecla</span> <span class='ocrx_word' id='word_1_128' title='bbox 663 1590 782 1643; x_wconf 84' lang='lat' dir='ltr'>ferarum</span> 
     </span>
    </p>

    <p class='ocr_par' dir='ltr' id='par_1_3' title="bbox 115 1665 824 1735">
     <span class='ocr_line' id='line_1_21' title="bbox 115 1665 824 1735; baseline 0.008 -21"><span class='ocrx_word' id='word_1_129' title='bbox 115 1681 147 1714; x_wconf 77' lang='lat' dir='ltr'>ovs</span> <span class='ocrx_word' id='word_1_130' title='bbox 161 1665 307 1719; x_wconf 80' lang='lat' dir='ltr'>missilibus</span> <span class='ocrx_word' id='word_1_131' title='bbox 325 1667 397 1720; x_wconf 85' lang='lat' dir='ltr'>saxis</span> <span class='ocrx_word' id='word_1_132' title='bbox 415 1670 444 1720; x_wconf 90' lang='lat' dir='ltr'>ct</span> <span class='ocrx_word' id='word_1_133' title='bbox 462 1683 560 1734; x_wconf 88' lang='lat' dir='ltr'>magno</span> <span class='ocrx_word' id='word_1_134' title='bbox 578 1666 700 1735; x_wconf 85' lang='lat' dir='ltr'>pondere</span> <span class='ocrx_word' id='word_1_135' title='bbox 718 1666 824 1732; x_wconf 89' lang='lat' dir='ltr'>clavae;</span> 
     </span>
    </p>

    <p class='ocr_par' dir='ltr' id='par_1_4' title="bbox 114 1741 1024 2194">
     <span class='ocr_line' id='line_1_22' title="bbox 114 1741 863 1812; baseline -0.003 -14"><span class='ocrx_word' id='word_1_136' title='bbox 114 1765 147 1798; x_wconf 76' lang='lat' dir='ltr'>sss</span> <span class='ocrx_word' id='word_1_137' title='bbox 160 1741 301 1811; x_wconf 90' lang='lat' dir='ltr'>multaque</span> <span class='ocrx_word' id='word_1_138' title='bbox 318 1742 469 1808; x_wconf 78' lang='lat' dir='ltr'>vincebant,</span> <span class='ocrx_word' id='word_1_139' title='bbox 488 1743 612 1797; x_wconf 86' lang='lat' dir='ltr'>vitabant</span> <span class='ocrx_word' id='word_1_140' title='bbox 629 1760 716 1812; x_wconf 89' lang='lat' dir='ltr'>pauca</span> <span class='ocrx_word' id='word_1_141' title='bbox 734 1743 863 1810; x_wconf 80' lang='lat' dir='ltr'>latebris3</span> 
     </span>
     <span class='ocr_line' id='line_1_23' title="bbox 160 1818 1024 1888; baseline 0.003 -18"><span class='ocrx_word' id='word_1_142' title='bbox 160 1818 359 1888; x_wconf 85' lang='lat' dir='ltr'>saetigerisque</span> <span class='ocrx_word' id='word_1_143' title='bbox 376 1836 456 1888; x_wconf 89' lang='lat' dir='ltr'>pares</span> <span class='ocrx_word' id='word_1_144' title='bbox 475 1820 550 1873; x_wconf 88' lang='lat' dir='ltr'>subu&#39;</span> <span class='ocrx_word' id='word_1_145' title='bbox 569 1821 609 1873; x_wconf 81' lang='lat' dir='ltr'>sic</span> <span class='ocrx_word' id='word_1_146' title='bbox 628 1819 765 1873; x_wconf 86' lang='lat' dir='ltr'>silvestria</span> <span class='ocrx_word' id='word_1_147' title='bbox 783 1820 906 1874; x_wconf 88' lang='lat' dir='ltr'>membra</span> <span class='ocrx_word' id='word_1_148' title='bbox 987 1833 1024 1874; x_wconf 80' lang='lat' dir='ltr'>svo</span> 
     </span>
     <span class='ocr_line' id='line_1_24' title="bbox 158 1894 856 1964; baseline 0.001 -17"><span class='ocrx_word' id='word_1_149' title='bbox 158 1894 233 1949; x_wconf 88' lang='lat' dir='ltr'>nuda</span> <span class='ocrx_word' id='word_1_150' title='bbox 250 1896 356 1950; x_wconf 82' lang='lat' dir='ltr'>dobant</span> <span class='ocrx_word' id='word_1_151' title='bbox 373 1900 464 1950; x_wconf 87' lang='lat' dir='ltr'>terrae</span> <span class='ocrx_word' id='word_1_152' title='bbox 484 1900 616 1949; x_wconf 89' lang='lat' dir='ltr'>nocturno</span> <span class='ocrx_word' id='word_1_153' title='bbox 635 1899 759 1964; x_wconf 88' lang='lat' dir='ltr'>tempore</span> <span class='ocrx_word' id='word_1_154' title='bbox 777 1897 856 1964; x_wconf 86' lang='lat' dir='ltr'>capti,</span> 
     </span>
     <span class='ocr_line' id='line_1_25' title="bbox 158 1971 799 2026; baseline 0.002 -3"><span class='ocrx_word' id='word_1_155' title='bbox 158 1971 259 2025; x_wconf 91' lang='lat' dir='ltr'>circum</span> <span class='ocrx_word' id='word_1_156' title='bbox 277 1989 307 2026; x_wconf 90' lang='lat' dir='ltr'>se</span> <span class='ocrx_word' id='word_1_157' title='bbox 324 1972 396 2026; x_wconf 82' lang='lat' dir='ltr'>foliis</span> <span class='ocrx_word' id='word_1_158' title='bbox 414 1989 446 2025; x_wconf 90' lang='lat' dir='ltr'>ac</span> <span class='ocrx_word' id='word_1_159' title='bbox 462 1972 605 2025; x_wconf 84' lang='lat' dir='ltr'>frondibus</span> <span class='ocrx_word' id='word_1_160' title='bbox 623 1973 799 2026; x_wconf 85' lang='lat' dir='ltr'>involventes.</span> 
     </span>
     <span class='ocr_line' id='line_1_26' title="bbox 159 2048 889 2118; baseline 0.004 -19"><span class='ocrx_word' id='word_1_161' title='bbox 159 2063 208 2100; x_wconf 90' lang='lat' dir='ltr'>nco</span> <span class='ocrx_word' id='word_1_162' title='bbox 226 2048 357 2116; x_wconf 87' lang='lat' dir='ltr'>plangore</span> <span class='ocrx_word' id='word_1_163' title='bbox 376 2049 448 2102; x_wconf 90' lang='lat' dir='ltr'>diem</span> <span class='ocrx_word' id='word_1_164' title='bbox 467 2066 565 2116; x_wconf 89' lang='lat' dir='ltr'>magno</span> <span class='ocrx_word' id='word_1_165' title='bbox 585 2049 724 2117; x_wconf 89' lang='lat' dir='ltr'>solemque</span> <span class='ocrx_word' id='word_1_166' title='bbox 743 2066 793 2118; x_wconf 91' lang='lat' dir='ltr'>per</span> <span class='ocrx_word' id='word_1_167' title='bbox 810 2065 889 2117; x_wconf 88' lang='lat' dir='ltr'>agros</span> 
     </span>
     <span class='ocr_line' id='line_1_27' title="bbox 159 2124 859 2194; baseline 0.004 -19"><span class='ocrx_word' id='word_1_168' title='bbox 159 2124 327 2190; x_wconf 89' lang='lat' dir='ltr'>quaerebant</span> <span class='ocrx_word' id='word_1_169' title='bbox 345 2125 435 2193; x_wconf 90' lang='lat' dir='ltr'>pavidi</span> <span class='ocrx_word' id='word_1_170' title='bbox 453 2127 576 2193; x_wconf 87' lang='lat' dir='ltr'>palantes</span> <span class='ocrx_word' id='word_1_171' title='bbox 595 2126 683 2178; x_wconf 87' lang='lat' dir='ltr'>noctis</span> <span class='ocrx_word' id='word_1_172' title='bbox 701 2126 728 2178; x_wconf 93' lang='lat' dir='ltr'>in</span> <span class='ocrx_word' id='word_1_173' title='bbox 746 2125 859 2194; x_wconf 88' lang='lat' dir='ltr'>umbris,</span> 
     </span>
    </p>

    <p class='ocr_par' dir='ltr' id='par_1_5' title="bbox 114 2199 804 2269">
     <span class='ocr_line' id='line_1_28' title="bbox 114 2199 804 2269; baseline -0.004 -12"><span class='ocrx_word' id='word_1_174' title='bbox 114 2223 146 2257; x_wconf 78' lang='lat' dir='ltr'>sn</span> <span class='ocrx_word' id='word_1_175' title='bbox 159 2199 208 2253; x_wconf 89' lang='lat' dir='ltr'>sed</span> <span class='ocrx_word' id='word_1_176' title='bbox 225 2201 303 2254; x_wconf 85' lang='lat' dir='ltr'>taciti</span> <span class='ocrx_word' id='word_1_177' title='bbox 320 2201 513 2269; x_wconf 83' lang='lat' dir='ltr'>respectabant</span> <span class='ocrx_word' id='word_1_178' title='bbox 531 2217 679 2268; x_wconf 86' lang='lat' dir='ltr'>somnoque</span> <span class='ocrx_word' id='word_1_179' title='bbox 698 2202 804 2269; x_wconf 79' lang='lat' dir='ltr'>sepulti,</span> 
     </span>
    </p>

    <p class='ocr_par' dir='ltr' id='par_1_6' title="bbox 114 2275 915 2802">
     <span class='ocr_line' id='line_1_29' title="bbox 114 2275 801 2330; baseline 0.006 -5"><span class='ocrx_word' id='word_1_180' title='bbox 114 2293 146 2326; x_wconf 81' lang='lat' dir='ltr'>srs</span> <span class='ocrx_word' id='word_1_181' title='bbox 158 2275 223 2328; x_wconf 89' lang='lat' dir='ltr'>dum</span> <span class='ocrx_word' id='word_1_182' title='bbox 241 2293 320 2330; x_wconf 86' lang='lat' dir='ltr'>rosea</span> <span class='ocrx_word' id='word_1_183' title='bbox 337 2277 395 2330; x_wconf 87' lang='lat' dir='ltr'>face</span> <span class='ocrx_word' id='word_1_184' title='bbox 414 2275 453 2329; x_wconf 91' lang='lat' dir='ltr'>sol</span> <span class='ocrx_word' id='word_1_185' title='bbox 471 2278 584 2330; x_wconf 86' lang='lat' dir='ltr'>inferret</span> <span class='ocrx_word' id='word_1_186' title='bbox 602 2277 704 2329; x_wconf 88' lang='lat' dir='ltr'>lumina</span> <span class='ocrx_word' id='word_1_187' title='bbox 721 2277 801 2330; x_wconf 81' lang='lat' dir='ltr'>caelo,</span> 
     </span>
     <span class='ocr_line' id='line_1_30' title="bbox 157 2352 899 2421; baseline 0.001 -17"><span class='ocrx_word' id='word_1_188' title='bbox 157 2367 173 2404; x_wconf 91' lang='lat' dir='ltr'>a</span> <span class='ocrx_word' id='word_1_189' title='bbox 190 2352 280 2419; x_wconf 92' lang='lat' dir='ltr'>parvis</span> <span class='ocrx_word' id='word_1_190' title='bbox 298 2352 372 2421; x_wconf 94' lang='lat' dir='ltr'>quod</span> <span class='ocrx_word' id='word_1_191' title='bbox 390 2353 462 2404; x_wconf 91' lang='lat' dir='ltr'>enim</span> <span class='ocrx_word' id='word_1_192' title='bbox 481 2355 644 2405; x_wconf 84' lang='lat' dir='ltr'>consuerant</span> <span class='ocrx_word' id='word_1_193' title='bbox 661 2368 772 2405; x_wconf 86' lang='lat' dir='ltr'>cernere</span> <span class='ocrx_word' id='word_1_194' title='bbox 791 2369 899 2420; x_wconf 92' lang='lat' dir='ltr'>scmpcr</span> 
     </span>
     <span class='ocr_line' id='line_1_31' title="bbox 157 2427 806 2496; baseline -0.002 -16"><span class='ocrx_word' id='word_1_195' title='bbox 157 2427 263 2481; x_wconf 88' lang='lat' dir='ltr'>alterno</span> <span class='ocrx_word' id='word_1_196' title='bbox 281 2427 411 2481; x_wconf 90' lang='lat' dir='ltr'>tenebras</span> <span class='ocrx_word' id='word_1_197' title='bbox 429 2431 458 2480; x_wconf 92' lang='lat' dir='ltr'>et</span> <span class='ocrx_word' id='word_1_198' title='bbox 476 2428 564 2480; x_wconf 84' lang='lat' dir='ltr'>lucem</span> <span class='ocrx_word' id='word_1_199' title='bbox 582 2430 708 2496; x_wconf 87' lang='lat' dir='ltr'>tompore</span> <span class='ocrx_word' id='word_1_200' title='bbox 725 2427 806 2495; x_wconf 82' lang='lat' dir='ltr'>gigni,</span> 
     </span>
     <span class='ocr_line' id='line_1_32' title="bbox 156 2503 838 2572; baseline 0 -16"><span class='ocrx_word' id='word_1_201' title='bbox 156 2520 210 2556; x_wconf 91' lang='lat' dir='ltr'>non</span> <span class='ocrx_word' id='word_1_202' title='bbox 228 2507 288 2557; x_wconf 89' lang='lat' dir='ltr'>crat</span> <span class='ocrx_word' id='word_1_203' title='bbox 306 2507 338 2558; x_wconf 91' lang='lat' dir='ltr'>ut</span> <span class='ocrx_word' id='word_1_204' title='bbox 355 2503 415 2557; x_wconf 86' lang='lat' dir='ltr'>fieri</span> <span class='ocrx_word' id='word_1_205' title='bbox 433 2507 526 2571; x_wconf 88' lang='lat' dir='ltr'>posset</span> <span class='ocrx_word' id='word_1_206' title='bbox 544 2503 670 2556; x_wconf 84' lang='lat' dir='ltr'>mirarier</span> <span class='ocrx_word' id='word_1_207' title='bbox 687 2520 817 2572; x_wconf 87' lang='lat' dir='ltr'>umquam</span> <span class='ocrx_word' id='word_1_208' title='bbox 834 2537 838 2545; x_wconf 88' lang='lat'>·</span> 
     </span>
     <span class='ocr_line' id='line_1_33' title="bbox 156 2579 835 2635; baseline 0.003 -5"><span class='ocrx_word' id='word_1_209' title='bbox 156 2587 206 2632; x_wconf 82' lang='lat' dir='ltr'>nec</span> <span class='ocrx_word' id='word_1_210' title='bbox 225 2579 348 2634; x_wconf 85' lang='lat' dir='ltr'>diffidere</span> <span class='ocrx_word' id='word_1_211' title='bbox 366 2597 402 2633; x_wconf 89' lang='lat' dir='ltr'>nc</span> <span class='ocrx_word' id='word_1_212' title='bbox 420 2584 509 2635; x_wconf 88' lang='lat' dir='ltr'>terras</span> <span class='ocrx_word' id='word_1_213' title='bbox 528 2584 641 2634; x_wconf 83' lang='lat' dir='ltr'>aeterna</span> <span class='ocrx_word' id='word_1_214' title='bbox 658 2584 769 2634; x_wconf 85' lang='lat' dir='ltr'>teneret</span> <span class='ocrx_word' id='word_1_215' title='bbox 827 2600 835 2606; x_wconf 71' lang='lat'><em>-</em></span> 
     </span>
     <span class='ocr_line' id='line_1_34' title="bbox 156 2655 791 2724; baseline 0.003 -17"><span class='ocrx_word' id='word_1_216' title='bbox 156 2671 210 2707; x_wconf 85' lang='lat' dir='ltr'>nox</span> <span class='ocrx_word' id='word_1_217' title='bbox 228 2655 256 2708; x_wconf 91' lang='lat' dir='ltr'>in</span> <span class='ocrx_word' id='word_1_218' title='bbox 273 2660 437 2724; x_wconf 87' lang='lat' dir='ltr'>perpetuum</span> <span class='ocrx_word' id='word_1_219' title='bbox 456 2656 582 2710; x_wconf 91' lang='lat' dir='ltr'>detracto</span> <span class='ocrx_word' id='word_1_220' title='bbox 600 2657 702 2710; x_wconf 89' lang='lat' dir='ltr'>lumine</span> <span class='ocrx_word' id='word_1_221' title='bbox 721 2657 791 2711; x_wconf 86' lang='lat' dir='ltr'>solis.</span> 
     </span>
     <span class='ocr_line' id='line_1_35' title="bbox 156 2730 915 2802; baseline 0.003 -18"><span class='ocrx_word' id='word_1_222' title='bbox 156 2730 206 2784; x_wconf 89' lang='lat' dir='ltr'>sed</span> <span class='ocrx_word' id='word_1_223' title='bbox 223 2733 310 2800; x_wconf 84' lang='lat' dir='ltr'>magis</span> <span class='ocrx_word' id='word_1_224' title='bbox 327 2732 395 2785; x_wconf 94' lang='lat' dir='ltr'>illud</span> <span class='ocrx_word' id='word_1_225' title='bbox 413 2738 474 2787; x_wconf 89' lang='lat' dir='ltr'>erat</span> <span class='ocrx_word' id='word_1_226' title='bbox 491 2751 579 2800; x_wconf 88' lang='lat' dir='ltr'>curae,</span> <span class='ocrx_word' id='word_1_227' title='bbox 599 2734 673 2802; x_wconf 94' lang='lat' dir='ltr'>quod</span> <span class='ocrx_word' id='word_1_228' title='bbox 691 2734 779 2788; x_wconf 87' lang='lat' dir='ltr'>saecla</span> <span class='ocrx_word' id='word_1_229' title='bbox 796 2739 915 2786; x_wconf 86' lang='lat' dir='ltr'>ferarum</span> 
     </span>
    </p>

    <p class='ocr_par' dir='ltr' id='par_1_7' title="bbox 107 2807 820 3183">
     <span class='ocr_line' id='line_1_36' title="bbox 107 2807 805 2880; baseline 0.009 -22"><span class='ocrx_word' id='word_1_230' title='bbox 107 2834 109 2844; x_wconf 54' lang='grc' dir='ltr'>ι</span> <span class='ocrx_word' id='word_1_231' title='bbox 155 2807 282 2861; x_wconf 88' lang='lat' dir='ltr'>infestam</span> <span class='ocrx_word' id='word_1_232' title='bbox 300 2809 406 2863; x_wconf 89' lang='lat' dir='ltr'>miseris</span> <span class='ocrx_word' id='word_1_233' title='bbox 423 2809 560 2864; x_wconf 84' lang='lat' dir='ltr'>faciebant</span> <span class='ocrx_word' id='word_1_234' title='bbox 577 2827 658 2879; x_wconf 85' lang='lat' dir='ltr'>saepe</span> <span class='ocrx_word' id='word_1_235' title='bbox 676 2811 805 2880; x_wconf 86' lang='lat' dir='ltr'>quictem.</span> 
     </span>
     <span class='ocr_line' id='line_1_37' title="bbox 156 2881 743 2954; baseline 0.007 -18"><span class='ocrx_word' id='word_1_236' title='bbox 156 2883 291 2953; x_wconf 89' lang='lat' dir='ltr'>eiectique</span> <span class='ocrx_word' id='word_1_237' title='bbox 310 2885 390 2938; x_wconf 93' lang='lat' dir='ltr'>domo</span> <span class='ocrx_word' id='word_1_238' title='bbox 407 2881 549 2954; x_wconf 79' lang='lat' dir='ltr'>fugiebant</span> <span class='ocrx_word' id='word_1_239' title='bbox 567 2903 649 2940; x_wconf 86' lang='lat' dir='ltr'>saxea</span> <span class='ocrx_word' id='word_1_240' title='bbox 668 2890 743 2940; x_wconf 88' lang='lat' dir='ltr'>tecta</span> 
     </span>
     <span class='ocr_line' id='line_1_38' title="bbox 156 2962 751 3030; baseline 0.003 -16"><span class='ocrx_word' id='word_1_241' title='bbox 156 2962 304 3030; x_wconf 88' lang='lat' dir='ltr'>spumigeri</span> <span class='ocrx_word' id='word_1_242' title='bbox 322 2963 378 3016; x_wconf 88' lang='lat' dir='ltr'>suis</span> <span class='ocrx_word' id='word_1_243' title='bbox 395 2963 514 3016; x_wconf 86' lang='lat' dir='ltr'>adventu</span> <span class='ocrx_word' id='word_1_244' title='bbox 532 2963 649 3017; x_wconf 87' lang='lat' dir='ltr'>validive</span> <span class='ocrx_word' id='word_1_245' title='bbox 666 2963 751 3018; x_wconf 88' lang='lat' dir='ltr'>leonis</span> 
     </span>
     <span class='ocr_line' id='line_1_39' title="bbox 155 3038 820 3110; baseline 0.003 -18"><span class='ocrx_word' id='word_1_246' title='bbox 155 3042 239 3107; x_wconf 88' lang='lat' dir='ltr'>atque</span> <span class='ocrx_word' id='word_1_247' title='bbox 256 3038 422 3109; x_wconf 87' lang='lat' dir='ltr'>intempesta</span> <span class='ocrx_word' id='word_1_248' title='bbox 439 3039 573 3094; x_wconf 84' lang='lat' dir='ltr'>cedebant</span> <span class='ocrx_word' id='word_1_249' title='bbox 591 3045 670 3096; x_wconf 88' lang='lat' dir='ltr'>nocto</span> <span class='ocrx_word' id='word_1_250' title='bbox 688 3045 820 3110; x_wconf 87' lang='lat' dir='ltr'>paventes</span> 
     </span>
     <span class='ocr_line' id='line_1_40' title="bbox 155 3114 782 3183; baseline 0.008 -16"><span class='ocrx_word' id='word_1_251' title='bbox 155 3114 307 3183; x_wconf 87' lang='lat' dir='ltr'>hospitibus</span> <span class='ocrx_word' id='word_1_252' title='bbox 325 3117 413 3171; x_wconf 88' lang='lat' dir='ltr'>saevis</span> <span class='ocrx_word' id='word_1_253' title='bbox 430 3117 546 3171; x_wconf 83' lang='lat' dir='ltr'>instrata</span> <span class='ocrx_word' id='word_1_254' title='bbox 563 3117 661 3171; x_wconf 90' lang='lat' dir='ltr'>cubilia</span> <span class='ocrx_word' id='word_1_255' title='bbox 678 3118 782 3172; x_wconf 84' lang='lat' dir='ltr'>fronde.</span> 
     </span>
    </p>
   </div>
   <div class='ocr_carea' id='block_1_3' title="bbox 156 3193 944 3308">
    <p class='ocr_par' dir='ltr' id='par_1_8' title="bbox 156 3193 944 3308">
     <span class='ocr_line' id='line_1_41' title="bbox 156 3193 944 3308; baseline 0 -64"><span class='ocrx_word' id='word_1_256' title='bbox 156 3193 248 3308; x_wconf 67' lang='lat' dir='ltr'>15Noc</span> <span class='ocrx_word' id='word_1_257' title='bbox 265 3194 347 3246; x_wconf 89' lang='lat' dir='ltr'>nimio</span> <span class='ocrx_word' id='word_1_258' title='bbox 365 3197 424 3251; x_wconf 86' lang='lat' dir='ltr'>turn</span> <span class='ocrx_word' id='word_1_259' title='bbox 441 3193 503 3262; x_wconf 87' lang='lat' dir='ltr'>plus</span> <span class='ocrx_word' id='word_1_260' title='bbox 522 3211 603 3261; x_wconf 85' lang='lat' dir='ltr'>quam</span> <span class='ocrx_word' id='word_1_261' title='bbox 621 3211 691 3246; x_wconf 85' lang='lat' dir='ltr'>nuno</span> <span class='ocrx_word' id='word_1_262' title='bbox 710 3198 835 3248; x_wconf 89' lang='lat' dir='ltr'>mortalia</span> <span class='ocrx_word' id='word_1_263' title='bbox 852 3196 944 3250; x_wconf 86' lang='lat' dir='ltr'>saecla</span> 
     </span>
    </p>
   </div>
   <div class='ocr_carea' id='block_1_4' title="bbox 0 0 1122 3526">
    <p class='ocr_par' dir='ltr' id='par_1_9' title="bbox 0 0 1122 3526">
     <span class='ocr_line' id='line_1_42' title="bbox 0 0 1122 3526; baseline 0 4"><span class='ocrx_word' id='word_1_264' title='bbox 0 0 1122 3526; x_wconf 95' lang='lat' dir='ltr'> </span> 
     </span>
    </p>
   </div>
  </div>
 </body>
</html>
