2244 3532
583 124 600 180 Ι
996 128 1013 188 7

165 225 240 282 unde
258 227 374 282 animale
391 244 478 296 genus
496 228 649 296 generatim
667 229 695 282 in
713 229 816 283 lumina
833 229 907 284 vitae

165 303 294 357 redducit
312 303 414 371 Venus,
432 307 481 359 aut
498 304 664 358 redductum
682 305 798 359 daedala
814 305 896 360 tellus
1026 341 1036 360 .

164 378 238 432 unde
256 380 305 434 alit
323 383 408 448 atque
426 382 510 448 auget
526 381 679 447 generatim
698 382 798 450 pabula
816 343 1094 514 praebeffl

163 456 339 522 eudemone,
358 457 386 509 in
406 473 421 509 e
477 456 486 508 i
505 456 595 510 fontes
614 460 782 526 externaque
801 458 877 526 large
982 473 1017 512 ‘uo

165 532 276 586 flurnina
293 548 379 600 suppe
398 549 407 584 1
438 535 486 586 nti
504 532 577 586 unde
595 533 690 586 aether
708 534 799 587 sidera
816 533 921 602 pasoitl

164 608 254 662 omnia
272 609 344 662 enim
363 607 454 673 debet,
472 608 583 662 mortali
601 625 715 678 eorpore
733 626 804 677 quae
823 614 896 678 sunt,

163 684 271 738 infinita
288 687 364 737 aetas
382 700 543 753 consumpse
561 688 689 739 anteacta
707 686 828 753 diesque.

106 819 108 828 ¹
164 759 239 829 quod
257 760 325 814 siin
343 777 376 814 eo
394 761 483 830 spatio
500 763 585 830 atque
602 765 730 816 anteacta
747 759 839 816 aetate
855 762 933 816 fuere
1017 771 1027 788 “

163 853 179 891 e
197 836 296 906 quibus
314 837 382 892 haee
399 854 491 891 rerum
509 837 634 892 consistit
643 841 759 892 ’summa
776 839 887 904 refecta,
983 795 1111 914 mi‘k'

162 913 299 967 inmortali
318 917 382 967 sunt
399 917 498 968 natura
515 909 743 984 praedita'dbite,

162 989 230 1044 haut
247 989 332 1058 igitur
349 995 463 1059 possunt
481 990 516 1042 ad
534 992 619 1044 nilum
637 1007 763 1059 quaeque
780 992 890 1047 reverti.

163 1064 281 1134 denique
299 1082 343 1119 res
361 1067 449 1119 omnis
467 1066 564 1120 eadem
583 1067 624 1120 vis
642 1083 779 1136 causaque
796 1068 877 1138 volgo

163 1142 316 1210 conficeret,
335 1142 387 1196 nisi
405 1143 535 1197 materies
553 1148 666 1197 aeterna
684 1146 802 1211 teneret,

163 1217 235 1271 inter
253 1234 283 1271 se
302 1235 375 1270 nexu
392 1219 482 1271 minus
500 1222 548 1272 aut
566 1220 650 1286 magis
670 1219 838 1288 indupedita.
982 1233 1018 1272 nro

165 1296 255 1346 tuctus
274 1292 346 1346 enim
365 1293 414 1346 leti
432 1295 498 1348 sotis
517 1298 591 1348 esset
609 1311 690 1348 causa
707 1295 839 1362 profecto,

164 1368 266 1437 quippe
285 1367 333 1422 ubi
350 1369 426 1422 nulla
443 1369 534 1423 forent
551 1373 662 1423 aeterno
680 1387 794 1439 corpore
812 1387 928 1440 qnorum

164 1449 322 1499 contextum
341 1445 380 1498 vis
399 1445 517 1499 deberet
535 1446 684 1500 dissolvere
702 1462 834 1515 quaeque.

163 1524 193 1574 at
210 1537 288 1589 nnnc,
306 1521 379 1575 iuter
397 1537 427 1575 se
445 1521 511 1590 qnia
529 1538 615 1576 nexus
632 1522 826 1591 principiorum
917 1535 920 1539 ⁴

162 1597 309 1650 dissimiles
326 1600 452 1651 constant
469 1599 637 1666 aeternaque
654 1599 783 1652 materies
801 1603 851 1664 est,
980 1615 1009 1654 ni·

163 1673 289 1727 incolumi
308 1678 451 1728 remanent
469 1690 514 1728 res
532 1691 653 1742 corpore,
673 1673 738 1727 dum
757 1674 824 1729 satis
841 1676 913 1731 aeris

163 1749 204 1804 vis
221 1748 303 1803 obeat
320 1766 370 1836 pro
388 1753 500 1804 textura
518 1750 648 1820 cuiusque
666 1753 783 1818 reperte.
843 1775 879 1816 φ
1054 1761 1110 1850 ι’,

163 1825 236 1878 haud
254 1825 340 1894 igitur
357 1825 432 1879 redit
449 1826 486 1879 ad
503 1826 589 1879 nilum
608 1843 652 1880 res
669 1826 731 1890 ulla
750 1827 798 1880 sed
817 1825 943 1881 onmes*
1095 1827 1112 1855 ‘

163 1901 278 1955 discidio
296 1901 415 1956 redeunt
432 1903 459 1954 in
478 1919 592 1971 corpora
609 1903 743 1957 materiai.

163 1981 301 2046 postremo
318 1981 435 2045 pereunt
453 1978 564 2045 imbres,
581 1976 628 2031 ubi
647 1995 693 2032 eos
710 1982 790 2047 pater
807 1979 904 2033 aether
979 1926 1048 2156 πο)

163 2055 190 2106 in
208 2055 341 2122 gremium
359 2054 455 2108 matris
472 2055 558 2108 terrai
576 2055 783 2124 praecipitavit;

163 2137 192 2184 at
210 2129 313 2183 nitidae
331 2134 447 2198 surgunt
465 2130 559 2199 fruges
576 2131 701 2210 ramique
719 2130 858 2185 virescunt

163 2205 311 2273 arboribus,
330 2211 456 2292 omseunt
474 2199 553 2275 ipsae
567 2207 682 2276 fetuque
700 2210 865 2274 gravantur3

163 2283 225 2336 hine
241 2282 325 2337 alitur
341 2297 423 2350 porro
441 2287 565 2335 nostrum
582 2299 668 2350 genus
687 2287 769 2350 atque
787 2283 914 2350 ferarum,

162 2359 225 2412 hino
243 2358 329 2411 laetas
347 2356 431 2410 urbes
448 2358 540 2424 pueris
557 2357 655 2410 florere
673 2357 797 2410 videmus
978 2375 1039 2426 255,
1113 2371 1116 2375 ’

75 2421 106 2467 ”
161 2434 381 2506 frondiferasque
399 2434 476 2486 novis
495 2432 588 2506 avibus
607 2449 704 2499 canere
721 2433 844 2501 undique
863 2433 959 2500 silvas;

161 2497 225 2564 irino
242 2509 330 2562 fessae
348 2497 579 2578 fflpingui
597 2525 647 2577 per
665 2508 765 2576 pabula
783 2509 857 2562 laeta

161 2601 276 2654 corpora
293 2584 444 2652 deponunt.
451 2587 481 2638 et
498 2585 738 2660 caudenstlaotmus
756 2541 996 2674 umora

161 2661 292 2716 uberibus
309 2664 403 2714 manat
421 2661 564 2726 distentis;
587 2661 649 2716 hino
668 2677 737 2714 nova
755 2645 845 2731 pioles

107 2741 109 2750 ’
160 2731 276 2792 ar'tubus
293 2737 408 2790 infirmis
426 2741 535 2791 teneras
564 2757 568 2769 ·
611 2738 635 2791 'v
669 2755 720 2807 por
737 2737 837 2792 herbas
978 2753 1013 2792 noo

159 2815 231 2869 ludit
249 2815 320 2868 laete
338 2829 414 2866 mero
431 2817 537 2866 mentes
554 2829 681 2882 peronen
697 2814 823 2868 novellas.

159 2891 234 2945 haud
251 2890 335 2959 igitur
352 2889 461 2955 penitus
479 2892 595 2958 pereunt
614 2907 802 2958 quaecumque
820 2857 955 2959 videntur,

160 2967 270 3037 quando
289 2967 345 3020 alid
363 2983 398 3020 ex
416 2966 469 3019 alio
487 2966 576 3020 reficit
594 2971 693 3020 natura
710 2983 760 3019 neo
779 2967 861 3020 ullam

159 3060 218 3097 rem
234 3043 310 3111 gigni
327 3042 432 3110 patitur
448 3041 500 3095 nisi
518 3045 607 3097 morte
625 3042 720 3098 adiuta
738 3042 832 3096 aliena.

108 3119 111 3132 '
133 3137 136 3144 ¹
193 3119 273 3173 Nune
290 3136 349 3188 age,
368 3134 412 3172 res
430 3118 556 3188 quoniam
575 3119 655 3172 docui
673 3136 725 3172 uon
744 3135 824 3188 posse
841 3118 928 3173 creari
975 3133 1011 3171 nus

160 3195 196 3249 de
213 3196 267 3249 nilo
284 3211 374 3264 neque
391 3195 458 3250 item
475 3195 582 3264 genitas
601 3195 636 3248 ad
655 3196 692 3248 nil
701 3187 836 3261 invocari,
