2244 3532
570 145 664 199 xxxvii

189 281 262 336 huno
287 297 405 350 versum,
429 280 472 336 ita
497 281 646 336 formatum
679 280 831 336 Concidere
862 288 888 335 ot
910 297 1044 351 spamam

188 374 221 422 at
231 383 259 438 ᾳ.
268 385 307 423 m.
319 386 357 422 m.
371 387 400 436 5.,
413 355 476 438 post
489 373 537 422 801
551 383 649 436 parum
662 370 726 436 apte
738 365 881 422 collocavit
894 367 1044 422 Lachman-

188 470 247 510 nus.

240 545 291 595 804
302 541 463 609 prodomaa
479 539 544 594 libri
562 555 685 594 sommus.
706 556 757 609 pro
767 539 918 605 fervidior
936 541 979 594 cic
996 539 1043 594 ob-

186 622 285 692 longus
308 628 338 678 et
362 624 428 678 Itali
453 639 576 678 surmus
600 639 704 679 susvus.
741 624 893 692 quadratus
919 640 1042 679 rusvma

188 723 294 762 rusum.
318 725 380 763 cum
396 709 487 763 omnia
502 709 546 763 hic
559 709 740 764 incertissima
752 711 814 778 sint,
829 709 1040 780 Lachmanuum,

187 797 218 847 ut
229 810 279 863 par
291 796 358 860 crat,
366 799 476 849 secutus
489 811 555 848 sum.
583 811 748 864 quamquam
759 795 835 854 haud
848 797 903 850 scio
915 813 950 850 an
962 814 1040 866 prae

187 884 242 936 stet
255 882 330 952 quod
342 883 498 951 Madvigius
510 883 584 953 apud
597 883 775 937 Henrichsen.
793 882 829 937 de
841 883 967 954 Gottorp.
981 885 1039 938 cod.

186 984 212 1036 p.
224 970 257 1025 37
276 967 399 1037 coniecit,
412 970 454 1022 At
470 986 491 1022 o.
503 985 541 1023 m.
554 969 674 1023 5555555
686 961 846 1036 pscroido
853 969 954 1035 sobrio.
976 972 1039 1024 autc

186 1069 247 1106 eum
260 1053 409 1108 Lambinus
421 1055 548 1108 lamminis
554 1055 712 1123 psoroido
721 1055 822 1121 sobria
853 1057 1039 1110 Wakefieldus

186 1138 285 1192 domus
292 1140 457 1207 psoroo‘do,
470 1141 567 1193 rocroa's
582 1141 662 1192 Tarra.
681 1140 890 1194 scribendumnc
899 1142 1039 1211 servida',

186 1223 283 1276 porcia
300 1225 398 1277 Tam?

237 1313 288 1363 818
304 1308 368 1362 libri
384 1309 536 1364 rectissime
553 1327 593 1364 rr.
630 1311 818 1368 Lachmanuus
830 1331 869 1381 eo,
883 1317 930 1386 qui
943 1319 997 1372 iam
1009 1318 1038 1373 in

185 1398 291 1462 septem
302 1397 346 1450 vel
359 1400 420 1450 octo
432 1397 498 1450 locis
511 1398 660 1452 sanissimis
671 1406 697 1453 ot
708 1415 759 1468 pro
769 1402 857 1456 otiam
869 1403 955 1459 eiecit.

238 1482 304 1536 Post
320 1487 371 1537 839
388 1483 522 1537 excidisse
538 1484 677 1555 archetypi
694 1485 822 1541 schedam
839 1487 1037 1546 demonstravit

185 1567 381 1636 Lachmaunus‚
395 1569 470 1622 cuius
484 1573 592 1638 partem
607 1569 692 1625 fuisse
710 1573 808 1626 statuit
826 1577 958 1642 quattuor
975 1575 1036 1630 bre-

184 1653 227 1706 via
247 1669 374 1706 versuum
394 1654 557 1722 fragmenta.
582 1673 616 1710 ex
631 1656 665 1710 iis
681 1657 733 1711 hoc
748 1663 824 1713 certe
844 1659 1035 1715 Lucretianum

183 1735 300 1804 videtur,
324 1736 393 1791 Noa
416 1739 493 1792 mibi
516 1740 543 1794 si
570 1741 685 1808 liopooo
713 1749 825 1797 ceolam
848 1745 909 1797 aiot
931 1763 1035 1815 oroque

183 1827 302 1889 centnm,
310 1824 404 1877 Aoroo
412 1840 481 1889 ooa;
491 1842 574 1894 quem
582 1828 675 1880 tamen
682 1827 711 1880 in
722 1833 849 1897 poemate
862 1833 1035 1901 occupaverit

182 1906 277 1972 locum
288 1924 339 1977 pro
351 1912 426 1962 corto
439 1909 492 1964 dici
505 1928 559 1965 non
570 1915 670 1980 potest.

235 1998 285 2048 842
301 1993 366 2048 libri
383 2010 512 2051 Procius.
549 1997 713 2067 Bernaysius
721 1999 850 2067 proprii.
886 2002 1034 2057 Lachman-

182 2093 306 2132 nuscum
319 2077 361 2132 ed.
375 2079 449 2134 lunt.
458 2097 587 2149 propero.

235 2169 285 2218 899
308 2180 359 2233 pro
378 2180 519 2221 susurrus
540 2183 602 2222 cum
626 2169 776 2238 Bernaysio
797 2173 893 2242 scripsi
914 2174 1033 2230 latomia

183 2249 372 2304 bachmaunus
384 2253 510 2320 tepentis.

217 2342 293 2459 t909.
322 2352 372 2406 pro
384 2337 517 2392 librorum
530 2354 617 2394 caros
629 2340 817 2398 Lachmannus
828 2345 880 2413 hic,
892 2349 924 2401 ut
939 2361 961 2399 11
974 2348 1033 2414 387,

182 2422 217 2458 or
229 2423 256 2460 u.

233 2496 284 2547 935
297 2492 328 2546 cf.
342 2491 491 2546 ad1v229.

234 2580 293 2646 957,
313 2579 361 2647 qui
380 2578 409 2632 in
430 2579 568 2634 codicibus
588 2587 639 2636 954
658 2584 788 2652 sequitur,
809 2587 837 2640 iu
856 2587 928 2642 hunc
944 2589 1032 2644 locum

181 2663 319 2718 transtuli.
350 2664 449 2719 deinde
463 2671 513 2722 953
525 2682 574 2736 pro
587 2683 791 2724 rsmrusrarum
808 2675 903 2742 scripsi
919 2682 1031 2744 toalopoc-

181 2756 267 2814 totoo;
285 2767 335 2820 pro
348 2766 453 2805 oooars
469 2760 583 2807 coortoo.
612 2753 672 2810 iure
695 2773 739 2810 me
763 2757 803 2811 ita
827 2759 924 2814 iecisse
939 2778 1032 2830 agnos-

181 2841 233 2904 cet,
246 2837 292 2906 qui
310 2839 424 2891 cumbis
436 2855 531 2892 versus
546 2846 612 2896 1998
625 2858 684 2912 sqq.
709 2860 870 2913 componere
882 2847 962 2903 volet.
998 2850 1031 2904 cl.

181 2939 240 2978 ann.
253 2924 318 2993 phil.
333 2925 410 2978 (lant.
423 2941 434 2978 1
445 2943 471 2994 p.
485 2933 525 2982 41.
557 2930 764 3000 ‘tempestates'
783 2934 823 2990 ait
838 2939 928 3006 poeta,
941 2938 1031 2994 ‘terra

150 3041 157 3055 ·
181 3014 210 3064 et
229 3012 303 3066 caelo
321 3016 441 3086 coortae,
458 3031 475 3069 a
493 3019 570 3073 terra
590 3018 619 3073 in
638 3019 752 3092 caelum,
770 3038 787 3077 a
802 3024 877 3078 caelo
894 3025 923 3079 in
942 3028 1031 3082 terras

181 3099 323 3155 venientes
336 3103 467 3173 saeviunt,
480 3108 509 3159 et
525 3122 586 3159 cum
603 3107 645 3161 his
662 3107 742 3162 simul
758 3109 883 3165 morbida
901 3112 949 3180 vis,
969 3130 1030 3166 cum

181 3183 350 3241 extrinsecus
369 3204 385 3242 5
404 3189 486 3254 caelo,
508 3193 538 3243 ut
557 3191 644 3246 nubes
664 3193 842 3262 nebulaeque,
863 3197 1028 3252 insinuatur’.
