2234 3526
122 122 176 178 144
524 117 559 176 V.

115 225 195 277 nixus
213 225 239 276 iu
258 224 309 278 hoc
327 242 381 280 uno
398 229 528 284 novitatis
546 226 655 281 nomine
672 224 752 294 inani,
818 230 825 240 ’

116 300 203 354 multa
220 299 285 352 licet
302 300 383 353 simili
401 304 507 356 ratione
525 301 633 356 effutiat
651 320 705 370 ore,
927 323 968 362 910

116 393 199 430 aurea
216 379 276 429 tum
295 375 370 430 dieat
387 395 437 446 per
455 382 543 435 terras
561 379 673 434 flumina
692 379 772 448 vulgo

115 453 227 506 fluxisse
245 455 274 505 et
291 455 405 520 gemmis
424 453 520 509 florere
538 455 650 508 arbusta
669 457 761 510 sulisse

115 533 163 582 aut
180 528 316 581 hominem
335 533 412 584 tauto
430 531 614 584 membrorum
632 548 692 584 esse
710 533 814 601 impeta
832 538 937 602 aratum,

115 609 191 659 trans
209 604 295 657 maria
311 605 368 659 alta
385 607 487 676 pedum
505 608 580 660 nisus
599 612 631 660 ut
648 624 749 676 ponere
767 615 860 678 posset

116 685 144 734 et
162 680 287 734 manibus
307 685 395 735 totum
414 684 515 737 circum
536 701 565 736 se
582 687 691 737 vertere
709 685 821 738 caelum.
935 703 973 741 ars

114 774 177 810 nam
196 758 270 826 qurod
287 758 374 812 multa
391 758 468 813 fuere
486 759 515 812 in
532 760 615 813 terris
633 760 737 813 semina
754 777 846 814 rerum
990 745 999 766 ³

113 841 238 903 tompore
255 851 309 905 quo
327 835 444 903 primurn
463 835 545 890 tellus
562 836 688 889 animalia
706 835 786 905 fudit,

114 910 152 963 nil
170 915 263 964 tamen
281 914 324 964 est
343 911 412 978 signi
432 912 532 966 mixtas
552 913 673 981 potuisse
692 913 779 966 creari

113 985 186 1040 inter
204 1003 234 1040 se
251 987 371 1056 pecudes
388 991 584 1056 compactaque
601 988 724 1041 membra
742 990 918 1056 animantum,

113 1066 259 1132 propteroa
271 1064 334 1130 quia
346 1081 416 1131 quae
429 1064 464 1117 de
477 1065 559 1118 terris
571 1082 642 1118 nuno
654 1081 763 1133 quoque
775 1066 916 1120 abundant
933 1082 972 1120 aaa

113 1139 259 1192 herbarum
277 1156 379 1207 genera
397 1157 428 1193 ac
446 1141 539 1209 fruges
557 1141 726 1209 arbustaque
744 1142 817 1196 laeta

112 1219 276 1268 nontamen
294 1216 366 1269 inter
385 1233 414 1269 se
433 1221 547 1286 possunt
564 1218 705 1285 complexa
719 1218 814 1285 creari,

113 1291 162 1344 sed
180 1308 224 1345 res
242 1308 366 1361 quaeque
385 1311 433 1346 suo
451 1295 507 1347 ritu
525 1293 651 1362 procedit
668 1297 697 1347 et
715 1310 808 1346 omncs

112 1367 223 1422 foedere
241 1372 355 1422 naturae
374 1374 450 1423 certo
469 1369 625 1423 discrimina
643 1373 760 1422 servant.

148 1444 189 1498 At
206 1461 292 1512 genus
307 1445 454 1498 humanum
473 1445 559 1499 multo
577 1446 630 1499 fuit
647 1445 715 1498 illud
732 1446 761 1498 in
779 1446 850 1500 arvis
931 1463 969 1502 925

112 1520 214 1589 durius,
233 1525 265 1574 ut
283 1521 382 1590 decuit,
401 1522 483 1575 tellus
501 1521 574 1590 quod
593 1521 662 1575 dura
679 1526 808 1590 creasset,

112 1601 141 1652 et
158 1598 304 1651 maioribus
322 1602 352 1652 et
370 1599 462 1652 solidis
480 1599 567 1667 magis
586 1599 690 1652 ossibus
708 1599 782 1652 intus

110 1674 263 1741 fundatum,
280 1674 376 1727 validis
394 1678 489 1744 aptum
506 1692 556 1744 pcr
574 1676 677 1729 viscera
694 1676 791 1742 nervis,

112 1768 161 1805 neo
180 1750 258 1803 facile
276 1768 309 1804 ex
329 1754 407 1804 aestu
424 1769 474 1805 nec
492 1752 594 1820 frigore
612 1751 686 1820 quod
704 1755 850 1820 caperetur

111 1845 160 1882 nco
179 1826 301 1880 novitate
318 1827 371 1880 cibi
390 1845 439 1880 noc
458 1828 514 1881 labi
532 1829 652 1897 corporis
670 1827 732 1882 ulla.
928 1845 967 1886 aas

112 1903 251 1971 multaque
268 1920 319 1972 per
337 1904 442 1957 caelum
461 1905 524 1956 solis
543 1904 680 1958 volventia
696 1904 785 1958 lustra

111 1979 251 2048 volgivago
270 1980 354 2034 vitam
372 1980 530 2034 tractabant
548 1998 623 2034 more
641 1981 768 2034 feraruuu.

111 2073 161 2110 nee
179 2056 307 2109 robustus
326 2061 386 2110 erat
404 2057 479 2109 curvi
497 2056 655 2111 moderator
673 2057 757 2111 aratri

110 2133 262 2202 quisquam,
281 2149 331 2185 nco
349 2132 436 2186 scibat
454 2133 526 2186 ferro
545 2134 666 2187 molirier
683 2151 748 2188 arva

111 2227 161 2264 uec
179 2226 247 2262 nova
266 2207 395 2266 defodere
413 2209 441 2262 in
460 2213 563 2263 terram
582 2211 700 2278 virgulta
717 2227 807 2280 neque
825 2211 888 2266 altis
927 2227 965 2268 aas

110 2281 253 2341 arboribus
271 2288 378 2339 veteres
397 2285 525 2340 decidere
544 2287 650 2340 falcibu’
672 2304 769 2341 ramos.

110 2363 184 2432 quod
203 2362 243 2416 sol
261 2365 345 2430 atquc
362 2362 465 2416 imbres
484 2363 627 2432 dederant,
645 2364 720 2433 quod
737 2368 812 2419 terra
830 2368 937 2418 crearat

111 2443 208 2508 sponte
226 2455 281 2506 sua,
301 2439 367 2492 satis
385 2439 415 2491 id
432 2440 559 2508 placabat
577 2444 690 2510 pectora
708 2442 816 2511 donum.

109 2513 275 2584 glandiferas
294 2514 367 2568 inter
385 2516 517 2570 curabant
536 2534 651 2587 corpora
668 2534 784 2586 quercus

110 2593 286 2662 plerumque;
305 2593 333 2643 et
351 2609 421 2660 quae
440 2610 511 2646 nunc
527 2594 641 2648 hiberno
659 2597 784 2662 tempore
802 2593 890 2647 cernis
924 2608 962 2647 aar

110 2667 200 2722 arbita
217 2667 331 2736 puniceo
349 2669 408 2720 ficri
427 2673 535 2723 matura
553 2671 650 2738 colore,

108 2747 225 2815 plurima
242 2749 301 2799 tum
319 2745 400 2799 tellus
418 2746 502 2800 etiam
519 2747 622 2800 maiora
638 2747 751 2802 ferebat.

109 2823 249 2891 multaque
266 2825 410 2891 praeterea
427 2823 534 2876 novitas
552 2827 611 2876 tum
629 2824 726 2877 florida
743 2823 837 2876 muudi

109 2898 208 2968 pabula
226 2899 295 2952 dura
312 2899 385 2966 tulit,
403 2899 510 2960 miseris
527 2899 687 2954 mortalibus
706 2900 802 2969 ampla.

108 2979 138 3030 at
156 2975 253 3028 sedare
271 2976 343 3028 sitim
362 2975 437 3028 fluvii
454 2976 599 3046 fontesque
617 2977 756 3043 vocabant,
925 2993 961 3032 oss

105 3054 138 3105 ut
156 3068 227 3104 nunc
245 3051 383 3104 montibus
401 3069 417 3106 e
434 3051 540 3118 magnis
558 3053 689 3106 decursus
707 3053 786 3121 aquai

106 3126 187 3179 elaru’
208 3125 275 3178 citat
293 3126 348 3179 late
367 3127 487 3180 sitientia
505 3127 593 3180 saecla
611 3129 738 3181 ferarum.

108 3201 226 3266 deniquo
245 3204 309 3252 nota
326 3201 387 3267 vagi
405 3201 540 3254 silvestria
558 3202 660 3270 templa
678 3203 808 3256 tenebant
