2252 3530
152 233 187 270 no
203 217 254 271 tibi
272 217 366 270 dent
358 234 386 269 m
405 233 437 270 co
455 126 713 270 aammaruZm
597 15 1105 306 comgmudeffm

152 309 247 346 sursus
266 293 339 346 enirn
357 309 452 346 versus
469 293 665 360 gignunturet
684 295 809 362 augmina
826 299 938 350 sumunt
1027 335 1030 340 ,

152 371 180 422 et
199 385 306 421 sursum
325 371 366 421 nrt
346 368 429 421 'tidae
447 369 541 435 fruges
559 368 724 438 arbustaque
742 375 876 439 crescunt,

133 433 282 513 pondera,
291 444 457 512 quantumin
467 461 496 497 se
503 449 546 498 es
547 462 624 511 ,cum
632 446 757 498 deorsum
768 450 867 500 cuncta
875 447 1005 502 ferantur

152 538 202 574 nec
220 537 281 574 eum
300 520 443 574 subsiliunt
431 522 537 589 tignes
555 521 592 574 ad
609 524 667 575 tect
668 538 684 574 a
656 522 842 575 tdomorum
972 540 1006 578 191

153 599 182 650 et
200 596 281 650 celeri
299 596 408 650 flamma
426 596 574 664 degustant
592 598 667 666 tigna
685 597 839 666 trabesque,

154 676 251 741 sponte
269 689 318 726 sun
334 673 425 726 iacere
442 674 472 726 id
490 674 547 727 sine
565 673 592 727 vi
610 674 754 741 subigente
772 675 925 742 putandum
944 677 997 728 ost⁴

97 767 115 811 ,ἡ
152 749 225 817 quod
242 765 327 816 genus
346 767 361 802 c
378 752 471 803 nostro
490 766 552 802 cum
570 747 798 819 missussempore
816 750 925 818 sanguis

60 853 65 860 -
153 825 252 879 emicat
269 825 394 879 exultans
412 826 468 879 alte
486 826 645 895 spargitque
663 842 794 880 eruorem.
972 841 1007 879 ιιι

20 913 61 1011 k
96 891 133 966 J,
152 919 240 956 nonne
258 901 333 956 vides
352 903 434 956 etiam
452 906 555 971 quanta
572 902 598 955 vi
615 902 693 970 tigna
710 902 857 971 trabesque

76 961 90 996 χ
120 1007 124 1017 ,
151 982 263 1046 respuat
279 995 358 1032 umor
376 981 478 1045 annaei
496 995 559 1032 nam
577 995 631 1047 quo
649 979 735 1046 magis
751 978 870 1036 ursimus
887 977 943 1032 alte

31 1091 78 1162 ’μ
96 1065 121 1099 ι·
153 1055 259 1108 deiecta
277 1057 305 1108 et
323 1072 422 1122 magna
439 1056 466 1108 vi
483 1056 562 1109 multi
580 1055 729 1124 pressimus
747 1071 836 1122 aegre,

28 1180 31 1188 ,
59 1141 65 1150 '
152 1133 209 1184 tam
227 1131 325 1200 cupide
343 1148 449 1184 sursum
468 1131 583 1184 revomit
600 1132 685 1199 magis
703 1134 786 1198 atque
804 1131 929 1198 remittit,

152 1207 214 1276 plus
231 1210 263 1260 ut
280 1212 360 1275 parte
377 1207 450 1259 foras
468 1210 609 1274 emergant
627 1208 799 1275 exiliantque.
970 1223 1006 1261 aon

153 1299 203 1334 nee
215 1284 308 1334 tamen
319 1281 394 1349 hacc,
406 1285 537 1350 quantum
551 1282 632 1335 estin
645 1299 681 1348 se,
695 1282 860 1350 dubitamus,
873 1283 976 1352 opinor,

152 1358 217 1426 quin
235 1373 349 1410 vacuum
368 1357 513 1426 perinane
532 1357 658 1410 deorsum
676 1361 774 1411 cuncta
791 1358 921 1411 ferantur.

153 1433 293 1500 sicigitur
312 1433 414 1486 debent
432 1433 557 1485 flammae
576 1449 684 1502 qnoque
703 1449 781 1501 posse
799 1449 849 1500 per
866 1449 946 1486 auras

154 1510 223 1562 aeris
243 1525 388 1578 expressae
408 1525 513 1561 sursum
533 1508 685 1576 succedere,
705 1525 867 1576 quamquam

1 1598 2 1601 ’
153 1585 281 1654 pondera,
290 1587 423 1653 quantum
431 1585 530 1650 ineest,
538 1584 666 1638 deorsum
676 1585 945 1653 dcduceropugnent.
970 1601 1005 1639 ιιι

15 1631 143 1777 ζ
154 1665 354 1729 nocturnasque
372 1662 444 1715 faces
463 1661 529 1715 caeli
549 1661 664 1714 sublimo
683 1661 799 1715 volantis

25 1773 69 1797 „a
154 1753 242 1790 nonne
260 1737 338 1790 vides
356 1737 450 1804 longos
468 1737 638 1791 flammarum
659 1737 758 1790 ducere
777 1741 881 1792 tractus

152 1812 181 1865 in
200 1830 385 1882 quascumque
403 1814 481 1866 dedit
498 1814 585 1882 partis
603 1817 701 1867 natura
719 1816 857 1868 meatum?

154 1905 207 1942 non
225 1889 323 1942 cadorc
341 1890 369 1942 in
387 1893 489 1942 terram
509 1889 601 1943 stellas
621 1894 649 1944 et
668 1890 758 1944 sidera
775 1891 880 1944 cernis?
1057 1878 1102 1956 Κ

153 1965 192 2018 sol
212 1965 291 2018 etiam
311 1966 380 2019 coeli
398 1966 433 2018 dc
451 1970 512 2019 vert
512 1967 553 2019 icc
572 1967 687 2035 dissipat
705 1967 791 2020 omnis
968 1983 1005 2022 210
1066 1961 1114 2039 „s

153 2041 304 2094 ardorem
296 2059 324 2093 m
342 2041 428 2110 partis
446 2045 476 2094 ot
493 2041 594 2116 lumine
613 2043 731 2096 conserit
748 2060 827 2107 ιιιιι;
1025 2060 1056 2146 ·(

153 2116 182 2169 in
199 2121 287 2170 terras
306 2117 390 2184 igitur
409 2134 516 2184 quoque
534 2118 597 2170 solis
616 2118 706 2185 vergit
707 2136 740 2170 ur
694 2087 869 2172 tarddr.
928 2113 937 2120 “

154 2198 378 2262 transversosque
396 2194 488 2246 volare
507 2210 558 2263 per
575 2193 671 2247 imbris
689 2195 802 2248 fulmina
819 2197 921 2260 cernis;

154 2286 223 2322 nunc
240 2269 303 2322 hinc
320 2286 391 2322 nunc
408 2269 481 2342 ilbnc
499 2268 609 2337 abrupti
587 2270 768 2323 tnubibus
761 2287 836 2337 ignes

154 2348 328 2409 concursant3
345 2345 421 2397 cadit
438 2345 467 2396 in
485 2347 573 2396 terras
591 2344 631 2397 vis
650 2345 774 2398 flammea
792 2347 876 2414 volgo.
968 2363 1004 2404 ιιι

190 2420 263 2474 lllud
280 2421 308 2472 in
326 2420 368 2471 his
386 2436 494 2487 quoque
512 2422 541 2472 te
558 2419 640 2472 rebus
658 2436 820 2487 cognoscere
839 2438 956 2491 avemus,

154 2511 268 2563 corpora
286 2511 347 2548 cum
367 2495 493 2548 deorsum
513 2498 618 2549 rectum
636 2512 686 2564 per
704 2496 783 2548 inane
800 2497 932 2565 feruntur,

154 2571 320 2642 ponderibus
338 2571 454 2641 propriis
472 2572 576 2625 incerto
595 2576 719 2640 ternpore
736 2573 822 2626 fermo

152 2649 318 2715 incertisque
336 2648 388 2701 loci
406 2649 501 2717 spatiis
520 2648 655 2703 deeellcre
673 2650 790 2716 paulum,

153 2728 261 2778 tantum
279 2725 352 2792 quod
369 2742 477 2778 momen
495 2729 630 2780 mutatum
650 2725 739 2780 dicere
757 2727 850 2795 possis.
968 2745 1021 2784 ιιι·

154 2802 228 2869 qnod
247 2801 299 2853 nisi
317 2801 453 2855 declinare
472 2803 598 2869 solerent,
617 2803 708 2870 omnia
726 2803 859 2869 deorsum,

153 2876 249 2929 imbris
267 2877 307 2930 nti
326 2881 429 2945 guttae,
449 2879 579 2932 caderent
597 2879 744 2948 perinane
761 2845 933 2947 profuddum,

153 2969 203 3006 nec
220 2953 292 3007 foret
309 2953 493 3009 offensnst
444 2959 493 3009 nat
494 2973 525 3008 us
543 2972 593 3009 nec
611 2955 692 3023 plaga
709 2958 802 3009 ereata
862 2959 880 3028 J
911 3001 916 3021 ,
964 3009 968 3022 ,
1008 2957 1038 2973 ’“

153 3029 304 3099 principiis:
321 3018 384 3084 iffi
378 3030 416 3083 nil
434 3049 563 3101 umquam
580 3035 679 3086 natura
695 3037 822 3088 creasset
885 3034 890 3048 ‘
909 3034 915 3044 “

189 3105 308 3170 Quod·
287 3124 310 3160 s1
328 3109 400 3161 forte
417 3108 514 3176 aliquis
532 3108 622 3162 credit
639 3108 764 3176 graviora
781 3113 890 3178 potesse
966 3125 1000 3166 nm

154 3199 272 3251 corpora,
292 3201 346 3252 qno
363 3184 444 3238 citius
463 3189 566 3238 rectum
585 3185 733 3254 perinane
749 3185 882 3254 feruntur,
