2234 3526
102 121 158 179 122
507 122 539 176 V

99 225 199 294 quidve
216 225 367 294 tripectera
384 225 529 292 tergemini
546 225 587 278 vis
606 219 740 294 Ger'yonai

65 393 85 424 ³0
99 380 176 431 tanto
194 393 276 445 opere
295 377 433 430 officerent
450 376 527 430 nobis
545 377 704 446 Stymphala
721 378 850 448 colentes,

64 467 85 498 2³
98 457 128 507 ct
148 451 287 505 Diomedis
305 453 366 521 equi
384 453 519 522 spirantes
537 452 648 506 naribus
666 455 755 521 ignem
922 469 947 508 ee

99 527 210 580 Thracis
228 527 418 596 Bistoniasque
436 528 530 597 plagas
547 533 630 595 atque
650 529 755 583 Ismara
773 533 902 601 propterl

97 621 233 673 aureaque
252 602 437 672 Hesperidum
455 620 566 656 servans
584 604 715 672 fulgentia
732 607 810 674 mala,

97 697 184 749 asper,
202 680 300 734 acerba
318 684 404 744 tuens
422 679 532 732 immani
551 697 664 749 corpere
682 698 793 750 serpens

98 755 202 809 arbaris
220 757 361 825 amplexus
380 755 494 824 stirpem
513 757 580 824 quid
599 757 715 825 denique
733 757 842 812 obesset

97 836 209 900 propter
228 833 388 886 Atlanteum
405 832 471 886 litus
488 833 637 901 pelagoque
655 850 757 900 severa,
921 851 946 888 aa

97 925 150 976 quo
167 925 255 977 neque
271 909 365 962 nester
382 907 441 962 adit
458 908 601 977 quisquam
617 925 668 963 nec
686 909 819 963 barbarus
834 911 937 964 audetl

98 987 190 1038 cetera
207 984 242 1038 de
260 1001 361 1051 genere
378 984 429 1037 hoc
447 1001 517 1052 quae
535 988 599 1038 sunt
616 989 742 1053 portenta
759 989 910 1054 perempta,

97 1060 137 1112 sei
154 1076 208 1113 nan
225 1062 297 1114 victa
313 1061 411 1125 forent,
430 1059 496 1128 quid
514 1060 626 1114 tandem
645 1061 705 1114 viva
722 1063 871 1116 nocerentl

97 1136 142 1202 nil,
160 1140 192 1190 ut
211 1136 320 1204 opinor:
338 1136 377 1188 ita
394 1135 431 1189 ad
449 1136 575 1188 satiatem
593 1139 670 1210 terra
686 1137 807 1190 ferarum

97 1228 167 1266 nunc
185 1213 267 1265 etiam
286 1213 368 1265 scatit
386 1216 415 1266 et
432 1211 541 1279 trepido
559 1215 665 1266 terrere
684 1213 789 1279 repleta
806 1216 849 1268 est
921 1229 947 1268 se

98 1304 147 1356 per
164 1304 275 1340 nemora
293 1305 324 1341 ac
341 1291 447 1340 mantes
464 1304 576 1356 magnos
595 1288 730 1356 silvasque
747 1290 911 1358 profundam

98 1381 167 1430 quae
184 1365 244 1418 loca
261 1365 364 1418 vitandi
382 1365 542 1433 plerumque
560 1368 603 1418 est
620 1369 714 1418 nostra
731 1369 860 1434 potestas.

98 1443 128 1493 at
145 1441 195 1493 uisi
213 1444 386 1508 purgatumst
403 1444 507 1509 pectus,
524 1457 595 1508 quac
612 1441 715 1509 proelia
732 1441 809 1495 nobis

99 1519 181 1584 atque
197 1517 318 1586 pericula
335 1519 423 1570 tumst
440 1516 554 1583 ingratis
571 1516 778 1571 insinuandum!

98 1598 216 1661 quantae
233 1597 292 1646 tum
310 1593 437 1647 scindunt
455 1593 591 1646 hominem
608 1595 767 1663 cuppedinis
784 1612 861 1650 acres
920 1611 945 1648 aa

98 1670 240 1724 sollicitum
258 1687 338 1724 curae
356 1668 636 1737 quantiquc'perinde
652 1670 778 1726 timeres!

97 1745 196 1813 quidve
214 1745 341 1814 superbia
359 1745 488 1814 spurcitia
507 1761 538 1798 ae
555 1745 724 1814 petulantial
742 1745 859 1816 quantas

97 1821 217 1875 efficiunt
235 1821 339 1875 clades!
359 1821 425 1890 quid
442 1821 521 1874 luxus
540 1822 731 1890 desidiaeque?

97 1898 164 1951 haec
181 1897 266 1966 igitur
284 1896 330 1965 qui
348 1900 445 1951 cuncta
463 1897 602 1964 subegerit
620 1914 654 1950 cx
672 1899 815 1966 animeque

98 1973 234 2042 expulerit
251 1973 339 2039 dietis,
357 1989 410 2025 nan
428 1971 518 2036 armis,
538 1989 625 2026 nonne
643 1974 754 2028 decebit

96 2049 168 2103 hune
186 2049 320 2102 hominem
338 2064 451 2101 numere
469 2048 560 2101 divom
578 2049 716 2118 dignarIer
734 2052 813 2105 csscl

97 2143 158 2180 cum
176 2126 246 2179 bene
264 2125 424 2193 pracsertim
441 2125 528 2178 multa
546 2143 577 2179 ac
596 2126 725 2180 divinitus
743 2127 810 2197 ipsis

96 2202 287 2256 immortalibu'
306 2201 341 2254 de
359 2201 427 2255 divis
446 2201 512 2255 dare
531 2201 605 2256 dicta
624 2203 710 2257 suerit

97 2283 179 2348 atque
197 2295 303 2332 emnem
321 2295 411 2332 rerum
429 2282 555 2332 naturam
572 2279 694 2348 pandere
714 2279 802 2333 dietis.

132 2355 215 2410 Cuius
232 2371 283 2424 ege
301 2355 440 2422 ingressus
458 2355 573 2422 vestigia
591 2355 657 2408 dum
675 2355 794 2408 rationes

97 2449 246 2501 persequor
263 2449 295 2486 ac
313 2431 396 2485 doceo
416 2431 503 2498 dictis,
522 2447 575 2498 que
593 2447 718 2500 quaeque
735 2436 829 2486 creata

96 2510 206 2562 foedere
224 2508 285 2575 siat,
303 2509 331 2561 in
349 2523 381 2560 ee
399 2524 479 2575 quam
499 2507 534 2560 sit
552 2507 652 2574 durare
670 2523 812 2561 necessum

6 2619 9 2624 -
97 2603 146 2638 nec
164 2585 266 2638 validas
284 2584 392 2638 valeant
408 2583 468 2636 aevi
486 2583 643 2637 rescindere
660 2582 742 2652 leges,

96 2677 150 2731 quc
167 2677 266 2730 genere
284 2661 311 2713 in
328 2660 423 2729 primis
442 2658 524 2712 animi
542 2663 640 2712 natura
657 2664 769 2728 reperta
787 2661 830 2712 est

97 2739 186 2792 native
203 2740 320 2808 primum
338 2738 486 2792 consistere
503 2753 616 2805 corpere
634 2739 710 2790 creta

97 2831 146 2868 nec
163 2831 242 2883 posse
260 2814 400 2868 incolumis
417 2830 546 2881 magnum
565 2813 664 2865 durare
682 2828 732 2881 per
750 2827 853 2878 aevom,

96 2892 145 2943 sed
163 2891 305 2944 simulacra
323 2891 409 2944 solere
426 2890 453 2942 in
473 2889 573 2942 somnis
590 2887 684 2941 fallere
702 2891 830 2955 mentem,

96 2982 207 3019 cernere
225 2983 286 3020 cum
304 2967 445 3020 videamur
463 2983 524 3020 eum
544 2983 624 3034 quem
643 2965 700 3018 vita
717 2963 835 3031 reliquit,

96 3042 169 3108 quod
187 3046 319 3111 superest,
336 3060 407 3096 nunc
424 3043 478 3096 hue
495 3042 609 3096 rationis
628 3041 728 3095 detulit
746 3040 821 3105 ordo,

95 3120 127 3170 ut
144 3118 210 3170 mihi
227 3119 335 3172 mortali
353 3120 501 3173 consistere
519 3135 633 3187 corpore
650 3117 781 3170 mundum

96 3193 268 3260 nativomque
286 3193 364 3247 simul
382 3196 452 3247 ratio
470 3193 615 3248 reddunda
633 3193 669 3247 sit
687 3209 760 3250 essc;
