2244 3532
23 45 25 50 '
121 52 125 61 ‘
268 27 339 83 4?
605 1 1027 164 hayman

59 141 164 208 Μῳ
205 130 351 210 emt(
387 104 670 225 sarbia}
636 165 856 220 cmm·
872 158 1071 262 αιςῇῌ

163 276 198 324 ex
215 269 321 324 infinito
339 265 473 322 55555555
490 267 595 338 percita
611 231 749 337 plagis,
937 266 1028 319 1525

163 361 241 398 omne
258 362 343 413 genus
361 347 452 398 555555
469 348 498 398 55
515 348 609 398 coetus
627 343 795 413 experiundo
812 316 865 416 ἢκ
910 329 972 420 Α,
987 329 1109 414 μ(-

162 421 273 475 tandem
292 421 465 476 deveniunt'
458 438 485 474 m
502 422 566 474 55115
584 420 770 489 disposituras,
827 417 1025 494 ¹⁶⁶1*ss
1039 431 1077 491 pf

163 497 288 566 qualibus
305 498 372 551 haec
389 513 482 550 rerum
499 497 624 551 consistit
601 513 747 550 asumma
764 499 863 562 555555,
877 504 1046 579 Μ’
1015 531 1066 572 ⁴„

162 576 191 626 et
208 573 278 626 mult
267 577 309 626 tos
327 573 410 626 ctiam
429 588 539 640 magnos
557 575 665 625 5555555
681 589 731 640 per
749 579 833 624 anno's
867 587 975 658 vr„
979 581 1103 699 Q

161 652 193 703 ut
211 649 319 702 semel'
312 667 340 702 m
358 654 415 702 mot
416 665 448 700 us
404 649 615 702 tconiectast
632 647 824 716 convenientis,

162 725 292 779 efficitt
261 729 292 779 ut
310 725 393 792 largis
410 723 519 777 aridum
537 741 612 778 marc
631 724 748 777 fluminis
765 723 845 776 undis
861 701 925 776 ⁸⁸⁶*
947 659 1073 772 Mull-

112 838 115 843 -
163 794 303 868 integrent
320 795 465 854 55555555
448 797 541 854 55515
559 803 634 854 terra
651 815 751 868 vapore
855 789 1038 861 εἰναι
998 828 1002 833 ·

86 919 88 924 ,
161 877 318 931 fotauovet
335 877 408 931 15555
426 876 623 944 summissaque
640 893 707 944 gens
725 875 893 930 animantum
921 863 932 883 ⁶
952 896 980 925 η
1007 915 1029 934 ,

163 953 259 1007 1155555
277 957 307 1007 55
325 953 416 1006 vivent
434 951 559 1006 lubentes
577 951 696 1005 aetheris
714 951 806 1019 ignes3

162 1028 235 1098 quod
253 1028 326 1082 nullo
344 1029 570 1096 1555555555555,
588 1027 638 1080 nisi
657 1027 781 1081 materiai
966 1039 1015 1080 roae

160 1121 196 1158 cx
212 1104 452 1171 infinito-suboriri
469 1103 547 1173 copia
564 1107 662 1171 posset,

162 1181 235 1234 unde
252 1181 350 1234 5551555
368 1181 457 1233 solent
474 1195 602 1246 reparare
619 1180 647 1232 in
664 1183 788 1247 tempore
807 1193 938 1246 quaeque.

161 1273 224 1309 5555
242 1256 329 1309 551551
349 1256 455 1324 privata
473 1254 532 1308 cibo
550 1258 649 1308 natura
666 1255 834 1307 animantum

86 1387 88 1391 ,
164 1331 264 1384 (11111515
280 1331 408 1384 amittens
426 1347 530 1397 corpus,
550 1331 588 1382 515
605 1330 694 1382 omnia
712 1329 815 1383 debent

163 1407 274 1460 dissolui
292 1407 371 1460 simul
389 1421 420 1458 ae
438 1405 539 1459 defecit
556 1405 731 1473 suppeditare
966 1419 1015 1458 roro

163 1483 291 1537 materies
309 1483 400 1550 alique
417 1482 523 1535 ratione
542 1498 636 1534 555555
654 1481 714 1533 5151

162 1575 212 1612 nee
229 1559 326 1627 plagae
343 1561 456 1626 possunt
475 1558 643 1611 extrinsecus
660 1557 782 1627 undique
801 1540 933 1611 summam

162 1650 322 1688 consumare
339 1650 446 1686 omnem
465 1650 651 1702 quaecumque
670 1638 713 1686 555
730 1633 880 1687 conciliata

162 1710 262 1764 cudere
281 1711 351 1764 enim
371 1710 465 1764 erebro
482 1713 597 1778 possunt
615 1714 777 1777 partemque
794 1709 901 1776 morari,

162 1785 227 1839 dum
245 1786 356 1840 5551555
373 1786 442 1839 aliae
459 1802 491 1839 ac
508 1785 628 1854 suppleri
646 1801 752 1838 summa
768 1787 893 1853 queatur.
967 1799 1014 1838 1555

161 1863 299 1916 interdum
318 1862 422 1916 resilire
440 1865 532 1915 tamen
551 1865 686 1929 coguntur
702 1864 731 1914 55
748 1877 803 1914 una

161 1938 300 2007 principiis
318 1954 409 1991 rerum
429 1938 545 2006 spatium
565 1943 728 2006 tempusque
745 1936 821 2005 fugai

160 2014 261 2082 largiri,
279 2017 311 2067 55
329 2015 435 2082 possint
451 2031 468 2067 a
487 2020 566 2068 55555
585 2013 672 2066 libera
690 2013 763 2066 ferri.

162 2101 247 2158 quare
266 2089 350 2144 etiam
367 2093 452 2158 atquo
471 2091 552 2144 etiam
572 2089 688 2142 suboriri
706 2088 794 2142 multa
810 2091 964 2156 rreccssest‚'

161 2169 191 2219 55
206 2170 299 2220 tamen
312 2170 344 2220 55
357 2167 455 2235 plagae
470 2183 578 2235 quoqne
594 2167 697 2234 possint
710 2168 857 2234 suppetere
868 2165 951 2232 ipsae,
966 2178 1014 2218 1555

161 2240 268 2296 infinita
286 2258 353 2310 opus
371 2245 414 2295 555
431 2242 472 2294 515
490 2241 611 2309 undiquc
628 2241 761 2294 materiai.

197 2316 270 2370 Illud
288 2318 317 2370 15
335 2317 378 2370 1515
395 2316 478 2370 551555
496 2315 576 2384 longe
594 2317 658 2383 luge
676 2316 797 2382 eredere,
817 2315 937 2383 Memmi,
981 2352 988 2370 ι

160 2391 190 2444 15
207 2391 328 2445 medium
347 2408 468 2444 summae
486 2393 560 2460 quod
578 2391 673 2444 dicunt
692 2392 781 2444 onmia
798 2391 856 2458 niti,
910 2457 914 2463 Ι

162 2471 246 2535 atque
263 2466 326 2520 ideo
344 2466 439 2520 mundi
457 2470 584 2520 naturam
603 2470 677 2520 stare
696 2465 753 2520 eine
771 2467 832 2519 ullis

161 2542 260 2597 ictibus
278 2543 398 2596 externis
416 2559 506 2612 noque
525 2560 662 2612 quoquam
680 2558 761 2612 posse
778 2541 876 2595 resolvi
966 2557 1013 2596 5555
1071 2597 1074 2602 ,

161 2635 268 2672 summa
285 2621 368 2686 atque
384 2619 446 2688 ima,
464 2619 538 2688 quod
555 2621 583 2673 in
602 2619 721 2673 medium
740 2619 795 2672 5155
813 2618 901 2672 omnia
919 2619 995 2674 ilina:

91 2759 92 2762 Ἴ
160 2694 249 2763 ipsum
267 2694 290 2747 51
307 2695 452 2763 quicquam
469 2713 550 2765 posse
566 2697 595 2749 15
614 2712 642 2749 55
661 2695 758 2749 sistere
776 2694 878 2750 credis:

120 2795 123 2800 ·
161 2775 190 2824 55
208 2786 278 2839 quae
295 2770 418 2838 pondera
435 2775 499 2826 5555
517 2773 568 2826 sub
584 2772 667 2826 terris
685 2771 774 2824 omnia
792 2787 898 2824 55555555

160 2846 288 2900 51515515
307 2849 436 2916 terraque
454 2853 529 2903 retro
548 2850 720 2918 requiescere
738 2850 824 2916 posta,

159 2926 192 2975 ut
209 2938 260 2990 per
277 2939 361 2990 aquas
378 2940 448 2992 quae
465 2942 537 2979 nunc
552 2943 643 2978 rerum
661 2923 803 2976 simulacra
820 2922 948 2978 videmus.
966 2937 1014 2978 mco

161 3002 190 3052 55
208 2998 289 3052 simili
306 2999 412 3053 ratione
430 3001 555 3055 animalia
574 3019 660 3070 suppa
677 2999 769 3066 vagari

161 3073 331 3128 contendunt
349 3092 438 3144 neque
456 3094 535 3146 posse
554 3096 569 3132 e
587 3077 669 3131 terris
687 3076 714 3128 in
732 3075 790 3128 loca
808 3074 875 3128 55511

159 3150 298 3206 reccidere
315 3151 443 3208 inferiore
462 3155 548 3242 magis
567 3169 648 3222 quam
667 3167 780 3220 corpora
798 3154 860 3204 nost
862 3167 892 3204 re
950 3153 951 3156 ’

161 3229 258 3313 sponte
276 3243 325 3282 sna
341 3243 412 3296 poss
407 3228 473 3282 nt
465 3245 493 3283 nr
511 3230 578 3340 55511
596 3229 699 3298 templa
718 3226 816 3281 v.olare

827 3385 1063 3526 ΜΞ
