2234 3526
574 151 604 206 V
959 151 1014 210 139

158 254 278 325 donique
296 272 358 310 eum
375 257 472 322 eontra
488 256 569 324 pleno
586 255 656 309 hene
674 254 775 309 lumine
792 255 869 309 fulsit

157 335 241 400 atque
259 332 349 385 oriens
367 332 458 385 obitus
477 332 536 386 eius
554 348 636 399 super
654 331 728 385 edita
745 331 831 397 vidit3

158 406 223 460 inde
241 407 398 462 minutatim
416 412 491 461 retro
510 408 588 476 qnasi
606 408 724 461 condere
742 408 832 461 lumen
980 422 1015 463 rm

157 483 242 537 debet
259 483 335 550 item,
353 486 455 553 quanto
472 484 583 552 propius
602 483 656 536 iam
674 483 738 537 solis
755 483 791 536 ad
809 484 899 552 ignem

157 558 261 613 labitur
278 577 312 614 ex
330 559 384 613 alia
402 559 539 626 signorum
557 563 636 628 parte
653 576 703 628 per
721 559 830 624 orbem3

158 638 191 689 ut
208 636 319 704 faciunt,
337 635 427 689 lunam
446 635 494 704 qui
512 635 620 703 fingimt
638 652 698 689 esse
716 634 781 705 pilai
1006 662 1019 711 φ

157 712 325 766 consimilem
342 728 492 780 cursusque
509 713 580 765 viam
599 711 650 766 sub
668 712 724 766 sole
742 715 842 766 tenere.

156 791 201 842 est
218 788 302 842 etiem
321 805 406 857 quare
423 788 533 857 proprio
551 804 613 842 eum
630 788 732 842 lumine
749 788 836 857 possit
981 801 1016 844 ιιι

156 863 260 918 volvier
277 868 306 919 et
324 865 413 918 varias
431 864 583 933 splendoris
601 865 719 918 reddere
736 865 844 919 formas.

154 956 252 1009 eorpus
270 940 342 995 enim
359 940 423 995 licet
441 957 501 994 esse
519 940 593 994 aliud
611 941 685 1009 quod
703 941 792 995 fertur
808 945 839 994 et
855 956 911 995 una

153 1015 257 1071 labitur
273 1016 435 1071 omnimodis
453 1023 594 1070 occursans
612 1017 783 1087 officiensque

153 1109 203 1147 nee
219 1094 292 1163 potis
309 1097 352 1148 est
369 1092 454 1158 cerni,
472 1094 536 1162 quia
553 1110 658 1147 cessum
677 1094 777 1148 lumine
793 1094 888 1149 fertur.

138 1170 312 1241 'versarique
328 1173 426 1239 potest
444 1169 541 1237 globus
559 1174 597 1238 nt,
616 1171 638 1223 si
655 1171 734 1238 forte,
751 1171 816 1239 pilai
978 1183 1014 1225 van

153 1246 267 1300 dimidia
284 1263 318 1300 ex
335 1247 408 1315 parti
425 1246 553 1300 candenti
570 1247 671 1300 lumine
688 1248 796 1310 tinctus,
901 1285 903 1288 -

153 1323 342 1391 versandoque
359 1322 470 1389 globum
487 1322 618 1376 variantis
635 1322 718 1376 edere
736 1322 843 1390 forinas,

154 1397 274 1468 donique
292 1416 353 1453 eam
370 1402 484 1468 partem,
503 1415 689 1467 quaecumque
708 1403 751 1454 est
767 1399 876 1467 ignibus
893 1403 980 1466 aucta,

153 1473 191 1528 ad
209 1475 326 1544 speciem
344 1475 429 1528 vertit
445 1474 523 1528 nobis
541 1475 687 1543 oculosque
704 1476 842 1544 patentis;

153 1549 220 1604 inde
238 1551 393 1606 minutatim
411 1555 486 1605 retro
504 1554 667 1620 contorquet
685 1555 714 1605 et
731 1551 821 1606 aufert
974 1568 1010 1608 aas

151 1625 292 1680 luciferam
311 1630 418 1695 partem
436 1627 637 1694 glomeraminis
655 1631 738 1696 atque
755 1628 836 1696 pilai3
916 1691 918 1696 Ι

76 1716 77 1719 ’
152 1705 184 1756 ut
203 1702 367 1772 Babylonica
386 1702 553 1757 Chaldaeum
572 1703 697 1758 doctrina
714 1703 836 1758 refutans

151 1779 351 1847 astrologorum
369 1782 457 1834 artem
475 1782 570 1833 eontra
588 1781 745 1834 convincere
764 1781 861 1848 tendit,

152 1855 267 1923 proinde
284 1855 362 1925 quasi
379 1855 409 1909 id
426 1855 486 1909 fieri
504 1859 623 1924 nequeat
641 1857 715 1924 quod
732 1860 836 1925 pugnat
853 1860 972 1928 uterque

152 1931 307 1985 autminus
324 1931 376 1986 hoc
393 1931 440 1985 illo
458 1932 494 1986 sit
511 1948 559 1985 eur
576 1932 735 2001 amplectier
752 1933 831 1986 ausis.
973 1948 1008 1988 veo

152 2006 269 2076 denique
286 2025 334 2063 cur
351 2013 472 2078 nequeat
491 2025 599 2078 semper
616 2026 685 2063 nova
701 2009 766 2062 luna
782 2010 870 2065 creari

152 2084 248 2138 ordine
265 2085 414 2140 formarum
432 2088 508 2139 certo
525 2085 663 2153 certisque
681 2085 775 2153 figuris

150 2158 233 2227 inque
252 2160 311 2214 dies
327 2161 418 2229 privos
435 2161 549 2214 aborisci
567 2177 691 2229 quaeque
708 2165 802 2216 creata

152 2237 236 2303 atquo
254 2236 307 2288 alia
323 2235 395 2288 illins
413 2236 534 2305 reparari
552 2236 581 2288 in
598 2240 677 2304 parte
695 2237 816 2306 locoque,

152 2309 288 2364 difficilest
305 2311 411 2365 ratione
429 2311 528 2364 docere
545 2314 575 2363 et
592 2312 701 2365 vincere
719 2312 816 2379 verbis,
965 2327 1001 2369 7³⁵

151 2385 248 2440 ordine
265 2403 327 2440 cum
341 2385 454 2454 possint
472 2389 529 2440 tam
548 2390 624 2440 certo
641 2387 727 2440 multa
744 2389 837 2442 creari.

152 2463 176 2518 it
194 2480 242 2517 ver
259 2467 289 2517 et
307 2463 409 2532 Venus,
427 2467 456 2517 et
474 2464 546 2518 veris
564 2464 740 2533 praenuntius
758 2467 823 2518 ante

151 2543 286 2608 pennatus
303 2540 432 2608 graditur
448 2540 588 2609 zephyrus,
607 2540 723 2608 vestigia
740 2543 852 2609 propter

153 2614 235 2670 Flora
253 2616 350 2685 quibus
368 2620 458 2670 mater
474 2633 672 2685 praespargens
689 2620 754 2670 ante
772 2617 825 2671 viai

153 2695 250 2744 cuneta
267 2692 401 2746 coloribus
419 2694 536 2761 egregiis
554 2697 583 2746 et
601 2691 729 2746 odoribus
746 2693 846 2762 opplet
971 2705 1006 2748 vro

152 2767 218 2820 inde
236 2767 288 2820 loci
307 2768 429 2838 sequitur
447 2769 519 2823 calor
537 2769 630 2822 aridus
648 2773 677 2823 et
694 2786 785 2824 comes
802 2786 856 2823 una

152 2843 341 2911 pulverulenta
360 2844 442 2899 Ceres
460 2852 485 2899 et
503 2845 588 2899 etesia
605 2844 691 2898 flabra
708 2846 870 2914 aquilonum.

152 2918 217 2973 inde
235 2923 383 2974 autumnus
401 2922 467 2989 adit,
484 2922 611 2989 graditur
629 2922 709 2976 simul
729 2923 831 2976 Euhius
851 2924 935 2977 Euan.

150 2996 216 3050 inde
234 2996 303 3050 aliae
321 3000 499 3066 tempestates
517 2999 646 3068 ventique
664 3003 801 3066 secuntur,

151 3071 300 3126 altitonans
318 3073 470 3127 Volturnus
488 3078 517 3128 ot
534 3079 626 3128 auster
643 3075 756 3129 fulmine
774 3075 884 3144 pollens.
969 3091 1003 3131 vu

151 3149 265 3202 tandem
282 3148 380 3204 bruma
397 3149 474 3204 nives
491 3151 583 3205 adfert
601 3152 763 3220 pigrumque
781 3154 905 3221 rigorem,

151 3224 246 3293 prodit
263 3224 377 3294 hiemps,
390 3227 515 3296 sequitur
532 3229 668 3296 crepitans
685 3227 754 3282 hane
773 3228 901 3284 dentibus
919 3233 1002 3299 algor.
