2252 3530
111 17 220 98 u&
242 7 362 84 'md
399 4 612 128 μαλ’
652 51 697 95 a·
725 57 783 96 Α·
867 30 967 118 «ἣ

291 108 492 240 <stupu
553 146 607 203 ιιι
966 147 1002 204 si
1068 121 1097 226 ‘a

190 249 226 304 de
245 248 320 318 quod
337 249 366 302 in
382 249 474 318 nigras
492 249 611 317 lethargi
630 251 763 318 mergitur
781 249 875 303 undas.
1078 265 1104 364 ὃ

143 249 331 434 juugitur
343 342 416 378 mors
429 333 472 378 est
484 324 520 378 ad
531 342 581 379 nos
593 342 683 394 neque
694 327 815 394 pertinet
827 326 921 395 hilum,
969 342 1006 382 sao

153 401 377 471 quandoquidem
395 406 493 455 natura
510 402 593 455 animi
611 402 734 455 mortalis
752 401 877 456 habetur.
1087 369 1110 429 ι

152 482 181 532 et
198 478 274 532 velut
292 481 418 532 anteacto
435 478 474 531 nil
491 481 616 546 tempore
634 479 767 532 sensimus
779 479 862 546 aegri,
1060 489 1108 576 s

152 554 188 608 ad
206 553 406 622 confligendum
424 554 595 608 venieutibus
614 555 736 623 undique
755 555 861 620 Poenis,
1094 550 1106 582 ³

152 630 243 684 omnia
259 647 321 684 eum
338 630 403 684 belli
421 630 530 698 trepido
549 647 679 684 concussa
698 631 819 685 tumultu
1077 662 1079 666 ·

151 705 263 760 horrida
281 710 471 760 contremuere
490 705 541 760 sub
559 707 622 761 altis
640 707 760 761 aetheris
778 707 841 775 oris,
970 722 1006 762 sss

150 782 161 836 i
197 781 335 866 dupiqque
353 783 429 836 fuere
446 786 571 836 utrorum
591 783 626 836 ad
645 800 729 851 regna
747 783 901 837 cadendum
1082 783 1101 865 ζ

39 879 73 948 ς
123 903 127 912 .
152 875 176 912 οι
197 859 418 922 trihus-umnams
436 863 510 913 esset
527 865 657 928 terraque
675 860 805 928 marique,
1085 871 1102 950 ’ἢ

89 934 262 1008 &signiri
279 952 332 989 non
350 936 459 1004 erimus,
476 952 537 990 eum
555 937 675 1004 eorporis
693 940 778 1004 atque
796 935 895 989 animai
1101 941 1116 974 1

93 1011 101 1027 ⁴
153 1010 296 1065 discidium
314 1012 398 1065 fuerit
416 1011 515 1080 quibus
533 1029 549 1066 e
568 1029 661 1066 sumus
679 1013 771 1066 uniter
790 1012 854 1081 apti,
1058 1017 1103 1082 ᾖ

81 1087 339 1184 ωροίιίοθιιιιιιιά
352 1087 430 1141 nobis
443 1088 596 1157 quiequam,
610 1089 656 1157 qui
669 1089 915 1154 nouerimustum,
970 1103 1007 1140 sio
1084 1083 1097 1150 ἰ

152 1151 278 1292 ιοιιἺ
289 1164 397 1217 omnino
415 1164 518 1232 poterit
536 1181 699 1232 sensumque
717 1181 834 1232 movere,
1084 1151 1107 1223 ἦ

152 1256 206 1293 non
225 1240 247 1294 si
279 1255 340 1294 erra
357 1241 426 1292 mari
444 1239 603 1293 miscebitur
621 1243 651 1293 et
669 1257 744 1294 mare
761 1240 843 1294 eaelo.
1097 1222 1116 1264 ·'

153 1318 183 1368 et
200 1314 223 1368 si
241 1315 295 1368 iam
313 1318 408 1368 nostro
424 1314 512 1368 sentit
529 1315 696 1383 decerpere
713 1321 859 1386 postquam

153 1392 315 1445 distractast
332 1391 415 1444 animi
433 1394 532 1444 natura
549 1391 711 1459 animaeque
728 1395 859 1461 potestas,

152 1468 190 1521 nil
208 1471 301 1521 tamen
319 1470 362 1522 est
379 1466 416 1520 ad
433 1482 482 1520 nos
501 1466 549 1536 qui
567 1471 677 1536 comptu
696 1468 874 1537 coniugioque
971 1485 1007 1523 sss

152 1544 273 1614 eorporis
291 1547 375 1613 atque
393 1543 499 1598 aninmo
517 1543 690 1597 consistimus
708 1544 799 1598 uniter
816 1544 881 1613 apti.
920 1580 930 1606 ,

152 1636 211 1688 nec,
229 1621 252 1673 si
269 1620 412 1673 materiem
430 1622 552 1674 nostram
570 1619 711 1688 collegerit
728 1623 805 1675 aetas

152 1701 216 1766 post
234 1695 338 1750 obitum
357 1712 520 1764 rursumque
538 1695 678 1765 redegerit
696 1700 728 1750 nt
745 1697 799 1750 sita
815 1713 887 1751 nune
905 1701 949 1752 est

152 1777 237 1842 atque
254 1774 354 1826 iterum
372 1771 450 1825 nobis
467 1773 569 1827 fuerint
587 1773 652 1827 data
670 1773 868 1841 luminarium,

152 1849 291 1918 pertineat
303 1848 448 1918 quicquam
460 1853 552 1906 tomen
565 1849 601 1903 ad
613 1867 662 1903 nos
671 1849 700 1902 id
713 1867 822 1919 quoque
833 1851 944 1918 fastum,
971 1864 1007 1904 sse

150 1926 305 1994 interrupta
322 1925 407 1979 semel
425 1942 486 1980 eum
505 1926 541 1980 sit
559 1927 713 1995 repetentia
730 1925 826 1980 nostri.

152 2005 181 2056 et
198 2019 269 2057 nuno
287 2003 324 2056 nil
341 2003 377 2056 ad
395 2018 445 2056 nos
462 2001 498 2056 dc
516 2003 595 2056 nobis
613 2004 719 2069 attinet,
737 2007 802 2058 ante

152 2079 200 2148 qui
216 2079 321 2144 issimus,
339 2096 426 2146 nepem
443 2079 498 2133 iam
516 2079 551 2132 de
569 2079 622 2133 illis
639 2096 688 2133 nos
706 2080 800 2135 adficit
817 2096 909 2148 angor.

69 2215 72 2220 ,
152 2172 215 2210 nam
234 2171 295 2209 eum
313 2156 441 2224 respicias
457 2156 574 2210 inmensi
591 2157 724 2224 temporis
742 2174 822 2210 omne

152 2232 333 2301 praeteritum
351 2231 478 2300 spatium,
497 2235 557 2284 tum
575 2235 666 2285 motus
684 2233 808 2286 materiai
971 2248 1007 2288 ⁸5⁵

153 2307 322 2361 multimodis
340 2323 421 2374 quam
441 2307 503 2372 sint,
521 2307 599 2360 facile
617 2307 668 2361 hoc
685 2307 836 2361 adcredere
854 2308 948 2376 possis,

154 2383 258 2436 semina
276 2399 358 2450 saepe
375 2382 404 2434 in
421 2382 526 2449 eodem,
543 2388 575 2436 ut
593 2399 664 2435 nune
682 2387 754 2450 sunt,
772 2383 868 2437 ordine
887 2389 966 2452 posta

108 2477 139 2510 ssa
154 2458 222 2512 haee
239 2457 344 2523 eadem,
363 2456 462 2526 quibus
480 2472 496 2510 e
513 2474 584 2511 nune
602 2474 651 2510 nos
670 2475 771 2525 sumus,
789 2460 962 2514 antefuisse.

108 2555 140 2588 sss
153 2551 204 2588 nee
222 2532 336 2586 memori
355 2537 446 2588 tamen
464 2532 495 2586 id
513 2533 621 2602 quimus
639 2533 859 2603 repraelrendere
876 2539 979 2602 mentm

151 2611 225 2665 inter
243 2610 313 2663 enim
332 2609 430 2663 iectast
447 2609 514 2663 vitai
531 2625 616 2678 pausa
634 2626 756 2677 vageque
970 2627 1008 2666 sao

153 2687 317 2742 deerrarunt
334 2686 435 2754 passim
454 2690 545 2740 motus
562 2685 598 2739 ab
617 2686 741 2740 sensibus
759 2703 859 2740 omnes.

153 2763 236 2817 debet
255 2764 336 2830 enim,
354 2763 454 2817 misere
472 2763 495 2816 si
512 2763 584 2817 forte
602 2779 737 2831 aegreque
754 2762 913 2831 futurumst,

152 2839 212 2908 ipse
230 2856 338 2908 quoque
356 2855 416 2893 esse
433 2839 460 2892 in
478 2855 511 2893 eo
528 2842 588 2893 tum
606 2841 738 2907 tempore,
757 2839 802 2893 eni
819 2839 890 2893 male
907 2840 993 2908 possit

153 2914 282 2970 accidere.
302 2915 331 2968 id
350 2915 478 2984 quoniam
496 2933 570 2970 mors
588 2916 691 2982 eximit,
710 2932 826 2984 esseque
843 2914 942 2985 probet

108 3009 141 3043 ssa
153 2992 229 3046 illum
247 2992 290 3046 eui
308 2993 413 3061 possint
430 2992 602 3046 incommoda
619 2991 763 3059 conciliari,
970 3006 1006 3046 seo

183 3068 304 3134 nonest
322 3067 399 3121 nobis
417 3067 454 3121 nil
465 3084 533 3128 „esse
550 3069 579 3121 in
598 3072 687 3122 morte
705 3067 858 3122 timendum

132 3161 204 3198 unse
221 3145 351 3198 miserum
368 3142 429 3198 fieri
446 3144 494 3213 qui
511 3161 565 3198 non
583 3148 626 3199 est
642 3162 722 3212 posse
739 3161 827 3213 neque
844 3144 930 3199 hilum

135 3191 265 3276 ldiffemo
282 3221 341 3275 isne
359 3219 415 3274 ullo
432 3219 517 3275 fuerit
535 3220 589 3274 iam
607 3225 732 3290 tempore
750 3227 838 3292 natus,
927 3291 931 3294 Ι

85 3289 124 3410 ‘l
160 3297 252 3377 ².⁰·„
335 3305 372 3326 '¹
424 3289 676 3421 “auis-q·-
971 3301 1001 3364 N

616 3437 631 3474 ι

1096 1377 1115 1400 ιι
