2244 3532
160 235 287 290 materies
305 239 336 288 ut
354 233 513 303 subpeditet
531 233 613 288 rebus
631 235 800 303 reparandis.
872 278 887 296 .

89 353 102 378 ,
125 357 135 378 ,
160 313 324 380 stratigitur
342 310 430 365 solida
447 310 598 380 primordia
614 310 791 390 Qiicitaie

93 379 96 388 ’
160 381 210 442 nec
228 391 332 442 ratione
350 392 455 455 queunt
472 386 526 440 alia
544 391 653 441 servata
670 405 720 456 per
737 400 832 442 aevom
845 432 891 450 .,.

160 480 194 518 ex
210 465 316 518 infinito
334 465 387 517 iam
407 468 529 531 tempore
548 480 592 517 res
611 480 745 532 reparare.
941 477 951 482 ·
975 477 1013 517 550

198 541 320 608 lienique
338 541 360 592 si
379 539 480 592 nullam
498 539 580 593 finem
600 544 697 594 natura
715 543 840 607 parasset

160 614 317 696 frangendis
337 615 426 680 rebus,
445 616 498 668 iarn
517 632 630 684 corpora
648 617 773 670 materiai

26 691 109 752 u
153 687 248 759 lisque
264 677 377 745 iddacta
394 692 484 745 forent
501 708 568 744 aero
587 692 730 759 frangente
747 693 838 760 priore

116 836 117 843 ἵ
161 771 193 820 ut
211 767 247 823 nil
266 785 300 822 ex
317 769 371 822 illis
388 785 404 821 a
422 772 498 822 certo
517 775 641 836 tempore
659 771 780 836 posset·
800 733 926 830 hulst·
943 739 1120 868 “7⁴⁸5

161 850 320 912 conceptum
338 860 472 898 summum
491 845 591 900 aetatis
608 845 759 912 pervadere
776 846 817 900 ud
831 851 956 900 auctam.
975 860 1011 900 555

160 935 222 972 num
241 921 348 988 quidvis
365 920 445 974 citius
464 919 574 973 dissolvi
593 937 673 990 posse
691 921 814 976 videmus

162 1011 242 1062 quam
262 1013 354 1050 rursus
372 995 462 1060 refici;
487 1001 654 1065 quapropter
673 996 753 1064 longa
770 997 826 1052 diei

161 1071 268 1124 infinita
283 1077 362 1138 ¹aetas
380 1072 497 1126 anteacti
515 1073 647 1140 temporis
665 1074 751 1127 omnis

162 1147 236 1214 quod
255 1147 380 1214 fregisset
398 1147 487 1200 adbuc
506 1147 664 1202 disturbans
682 1149 896 1219 dissoluensquc,

163 1239 308 1290 numquam
328 1224 428 1276 relicuo
447 1223 567 1291 reparari
586 1228 710 1292 tonnano
727 1229 828 1292 posset.
976 1239 1013 1278 500

163 1302 193 1351 ut
211 1315 281 1350 nnnc
298 1298 424 1350 nimirum
444 1299 587 1365 frangendi
607 1300 717 1353 reddita
735 1301 797 1353 linis

163 1379 238 1428 certa
256 1381 354 1428 manet.
373 1375 499 1440 quoniam
518 1375 593 1427 refici
612 1392 669 1428 rem
689 1392 825 1445 quamque
843 1376 969 1453 videmus

114 1475 116 1480 ·
163 1455 193 1504 ct
210 1450 287 1502 finita
305 1450 382 1502 simul
401 1451 551 1516 generatim
571 1454 695 1518 tempora
713 1451 794 1505 rebus
813 1460 863 1499 Μ
876 1476 884 1493 0
895 1436 991 1506 275
1001 1417 1099 1500 ω

163 1529 243 1589 stare,
261 1525 359 1594 quibus
378 1506 559 1594 0055ἿῖιῖἙῶ
578 1528 735 1594 contingere
753 1527 854 1583 llorcnn.

128 1617 136 1629 ³
163 1601 216 1654 hue
233 1601 339 1654 arccedit
357 1601 406 1668 uti,
425 1601 587 1656 solidissima
605 1602 730 1657 materiai
976 1619 1013 1660 5u5

88 1669 92 1676 ’
162 1693 276 1745 corpora
293 1693 353 1730 cum
373 1681 505 1743 constant,
524 1678 611 1746 possit
629 1682 729 1746 tamen,
747 1681 844 1749 omnia,
862 1680 951 1749 reddi,

164 1753 253 1806 mollia
271 1769 340 1822 (puae
359 1755 436 1820 finnt,
455 1771 503 1808 aer
521 1771 590 1823 aqua
608 1759 683 1808 terra
700 1773 822 1824 valeres,

165 1845 217 1897 quo
235 1833 315 1897 paeto
333 1830 400 1884 fiant
418 1834 447 1884 et
465 1848 518 1899 qua
538 1832 561 1883 vi
581 1848 706 1907 qnacque
723 1836 861 1900 gerantur,
963 1878 965 1882 .
1110 1867 1112 1872 ·

164 1906 313 1958 rulmlxtum
352 1908 458 1960 uoniam
478 1908 559 1960 semel
579 1911 622 1962 est
640 1908 668 1961 in
685 1908 767 1962 rebus
784 1873 1054 2055 11ιο51οΨ

164 1984 193 2035 at
210 1986 304 2034 contra
322 1923 460 2036 si'm‘ollld
471 1984 526 2036 sint
544 1984 692 2052 primordia
709 2001 808 2052 renim,
978 1998 1015 2041 570

165 2057 236 2110 unde
253 2062 354 2125 queant
373 2059 453 2111 validi
473 2060 561 2113 silices
580 2059 737 2128 ferrumque
754 2061 840 2114 creari
1008 2055 1011 2060 ’

164 2149 217 2185 non
236 2134 337 2200 peterit
354 2135 425 2188 ratio
443 2135 537 2199 reddi;
561 2153 624 2188 uam
641 2135 765 2189 funditus
783 2137 870 2190 omnis

164 2209 296 2278 principio
314 2209 483 2265 fundamenti
503 2216 602 2265 natura
619 2211 729 2265 carebit.

165 2286 229 2337 sunt
245 2286 329 2352 igitur
347 2286 434 2338 solida
451 2287 581 2354 pollentia
599 2287 771 2355 simplicitate

140 2379 141 2382 ¹
165 2377 279 2428 quorum
297 2361 433 2414 condenso
451 2362 537 2428 ins
555 2363 645 2415 omnia
662 2362 810 2416 conciliatu
884 2399 893 2416 ι
979 2377 1014 2420 575

165 2435 249 2489 artari
270 2441 382 2503 possunt
399 2435 557 2505 validasque
575 2436 722 2490 ostendere
740 2437 811 2490 viris

203 2511 286 2563 l'orro
305 2512 327 2564 si
345 2511 446 2564 nullast
463 2511 622 2580 frangendis
640 2512 750 2566 reddita
768 2512 829 2566 finis
862 2551 872 2565 ι

165 2585 330 2655 corporibus,
348 2589 440 2641 tamen
458 2605 492 2640 ex
510 2590 622 2642 aeterno
640 2591 764 2656 tempore
782 2605 912 2668 qnpepne
1099 2608 1115 2634 e

29 2725 30 2728 Ἴ
78 2651 237 2738 &ifanne
255 2663 338 2717 etiam
356 2681 485 2733 superare
502 2668 641 2718 necessest
658 2681 772 2733 corpora
790 2664 879 2733 rebus,
964 2721 965 2724 ,

51 2757 56 2764 ·
165 2755 236 2808 quae
253 2738 373 2792 nondum
390 2740 499 2794 clueant
515 2740 571 2793 ullo
588 2743 724 2820 tgnmtatn
741 2741 848 2809 periclo.
871 2740 947 2818 (ΖΗ
960 2757 1016 2830 (ᾖ)

166 2819 196 2868 at
213 2815 448 2884 quoniamlragili
466 2818 564 2870 natura
581 2815 708 2885 praedita
725 2820 858 2884 constant,

166 2891 304 2973 disprepat
321 2894 464 2950 aeternum
482 2895 592 2960 tempus
609 2893 731 2960 potuisse
748 2908 860 2946 manere

166 2967 407 3021 innumerabilibus
425 2967 512 3036 plagis
530 2972 629 3022 vexata
646 2984 696 3036 per
713 2983 815 3022 aevom.

166 3042 284 3111 denique
301 3042 356 3096 iarn
375 3043 512 3117 quoniang
518 3043 671 3112 generatim
689 3043 799 3098 reddita
816 3043 879 3098 finis

165 3117 305 3172 crescendi
322 3118 405 3172 rebus
422 3121 530 3174 constat
546 3119 686 3189 vitamque
703 3120 824 3188 tenendi,
980 3133 1017 3174 505

167 3196 197 3246 et
214 3192 280 3261 quid
299 3210 424 3263 quaeque
442 3199 545 3263 queant
561 3213 611 3264 per
623 3196 740 3286 Qa
757 3196 872 3264 naturai,
894 3213 1041 3314 Q

1059 387 1120 404 ‘q

339 3363 354 3387 δ
