2252 3530
55 3 561 190 ΜΜ

114 238 164 291 sed
182 255 270 306 neque
288 242 344 291 tum
362 237 447 290 facilis
464 254 509 291 res
526 237 582 290 ulla
599 241 641 291 est
659 237 723 306 quin
742 234 909 305 caprimum

115 313 231 367 difficilis
249 315 334 380 magis
352 313 387 366 ad
405 313 572 368 credendum
590 329 650 366 con
656 317 705 380 tet,
723 313 845 380 itemque

116 390 153 442 nil
172 389 240 442 adeo
258 407 385 458 magnum
403 407 528 458 neque
509 392 565 442 tam
584 389 706 443 mirabile
724 389 830 457 quicqu
858 404 874 454 ι,

115 466 188 534 quod
206 481 259 518 non
276 465 408 535 paulatim
426 468 542 552 rqut
555 465 679 518 mirarier
695 482 795 518 omnes.
796 397 1118 599 pm

115 541 245 610 suspicite
263 542 329 595 caeli
347 541 449 594 clarum
467 557 620 610 purumne
637 541 762 605 colorem,

116 633 240 686 quaeque
257 615 286 670 iii
304 634 333 670 se
351 617 459 671 cohibet
448 617 586 687 t‚palant'
579 633 605 670 ra
567 617 714 670 tsidera
731 618 838 686 passim,

117 693 309 782 lunamqueet
297 693 389 746 tselis
407 693 547 782 praeclara
564 693 625 747 luee
643 694 773 758 niterem-
1112 656 1119 740 ι

115 769 204 822 omnia
221 787 291 838 quae
308 787 379 824 nunc
397 769 419 823 si
437 770 554 838 prinnnn
572 769 731 822 mortalibus
749 773 847 838 essent,

117 846 303 914 exinproviso
322 847 344 899 si
362 862 433 898 nune
451 845 557 899 obieeta
575 849 696 915 repente,

116 921 183 987 quid
200 922 285 990 magis
302 921 345 975 his
363 922 445 975 rebus
462 925 571 990 poterat
589 921 711 974 mirabile
729 922 783 975 dici
921 936 969 976 rens

116 1000 163 1050 aut
181 998 269 1051 minus
286 1002 351 1051 ante
369 997 444 1066 quod
461 997 593 1050 auderent
610 997 669 1050 iere
687 998 800 1052 eredere
817 1001 933 1066 gentesl

116 1074 160 1140 nil,
178 1078 210 1127 ιιι
227 1075 337 1143 opinor:
355 1075 395 1127 ita
412 1073 478 1127 hoec
496 1075 599 1141 species
617 1073 740 1127 miranda
757 1074 859 1128 suisset.

117 1167 198 1218 quam
216 1151 265 1203 tibi
283 1151 336 1203 iam
354 1167 441 1216 nemo,
457 1151 545 1203 fessus
563 1150 661 1203 satiate
680 1150 796 1218 ridendi,

117 1227 253 1296 suspicere
271 1227 297 1280 in
315 1227 382 1280 eceli
401 1225 529 1294 dignatur
545 1225 635 1279 lucida
653 1226 769 1295 templa!

117 1301 210 1356 desine
229 1306 394 1372 (quiapropter
412 1303 534 1356 novitate
552 1303 698 1356 exterritus
716 1303 774 1372 ipsa
922 1317 970 1357 rote

116 1395 236 1448 expuere
255 1396 289 1432 ex
307 1379 396 1432 animo
414 1379 554 1445 rationem,
573 1378 621 1432 sed
639 1379 724 1446 magis
741 1379 795 1432 aeri

117 1455 218 1509 iudicio
236 1456 377 1525 perpende
395 1459 431 1522 et,
449 1455 471 1508 si
489 1455 540 1508 tibi
557 1471 622 1508 vera
639 1455 773 1521 videntur,
850 1477 852 1482 ’

119 1531 191 1585 dede
208 1548 311 1598 monus,
330 1536 384 1597 aut,
404 1532 426 1584 si
443 1531 541 1584 falsum
560 1534 611 1598 est,
629 1531 770 1599 accingere
787 1534 889 1584 eontra.

118 1608 225 1677 quaerit
243 1609 314 1661 enim
332 1609 464 1660 rationem
482 1607 595 1672 animus,
613 1623 673 1660 eum
691 1624 796 1660 summa
813 1606 864 1660 loei
881 1608 917 1661 sit

117 1683 223 1737 infinita
240 1684 305 1737 feris
322 1684 388 1737 haec
407 1687 485 1736 extra
503 1683 610 1735 moenie
626 1683 728 1748 mundi,
924 1698 970 1740 104⁵

68 1825 71 1832 .
118 1759 184 1828 quid
202 1760 237 1813 sit
254 1759 292 1812 ibi
309 1775 390 1828 porro
409 1776 462 1826 quo
480 1758 635 1828 prospicere
653 1776 738 1828 usqne
756 1759 822 1812 velit
839 1777 916 1813 mens

119 1839 202 1902 atque
219 1834 300 1888 animi
318 1835 404 1888 iactus
421 1835 491 1888 liber
508 1851 562 1903 quo
580 1835 703 1904 pervolet
721 1835 787 1905 ipse.

154 1911 289 1981 Principio
307 1911 384 1964 nobis
401 1912 429 1964 in
447 1915 559 1965 cunetas
576 1910 695 1980 undique
713 1913 799 1980 partis

119 1992 148 2042 et
165 1987 251 2041 latere
269 2004 303 2041 ex
320 1991 436 2055 utroque
453 2003 543 2054 supro
561 1991 710 2056 supterque
728 2005 777 2057 per
795 2005 874 2042 omne

119 2064 192 2118 nulla
209 2069 252 2117 est
269 2064 344 2129 finis;
362 2065 402 2117 uti
420 2063 507 2130 docui,
525 2077 570 2116 res
587 2064 699 2133 ipsaque
716 2081 767 2133 per
784 2082 814 2119 se
925 2079 972 2119 rose

119 2141 289 2209 ureiferatur,
306 2144 336 2194 et
353 2141 442 2194 elucet
458 2143 557 2195 natura
574 2139 706 2208 profundi.

120 2217 193 2271 nullo
210 2217 264 2270 iam
282 2222 361 2286 paeto
380 2218 436 2271 veri
454 2216 541 2270 simile
559 2233 618 2270 esse
636 2217 821 2284 putandumst,

121 2293 239 2363 undique
257 2311 317 2348 eum
335 2311 444 2348 vorsum
462 2294 579 2362 spatium
596 2298 675 2347 vacet
692 2293 828 2347 infinitum

120 2370 275 2438 seminaque
292 2371 432 2424 innumero
448 2387 561 2432 numero
579 2386 735 2438 summaque
753 2370 887 2438 profunda

120 2446 286 2502 multimodis
304 2448 417 2502 volitent
436 2441 549 2501 aeterne
565 2447 670 2515 percita
687 2449 770 2511 metu,
924 2461 973 2500 1055

120 2524 190 2578 hunc
207 2541 289 2576 unum
307 2529 441 2577 terrarum
459 2524 552 2577 orbem
570 2523 726 2591 caelumque
744 2526 873 2590 creatum,

120 2601 158 2654 nil
177 2593 266 2668 agere'
276 2600 322 2653 illa
338 2600 404 2653 foris
422 2604 465 2653 tot
482 2615 594 2667 corpora
612 2599 753 2663 materiai3

121 2694 181 2731 eum
198 2676 358 2744 praesertim
376 2676 420 2729 hie
438 2675 589 2729 situatum
607 2675 701 2742 faetus,
714 2679 747 2729 et
765 2676 824 2743 ipsa

121 2755 218 2822 sponte
235 2769 284 2806 sua
301 2753 371 2817 forte
389 2751 545 2805 offensando
563 2751 666 2804 semina
683 2767 773 2804 rerum

121 2828 287 2883 multimodis
305 2834 410 2882 temere
427 2827 455 2880 in
473 2843 578 2880 cassum
596 2827 752 2896 frustraque
770 2843 863 2880 cornu
927 2841 937 2878 1

120 2904 233 2959 tandem
250 2904 383 2958 coluerint
400 2921 433 2957 ea
451 2919 520 2972 quae
537 2905 666 2956 convecto
683 2908 797 2972 repente

122 2997 280 3048 magnarum
298 2996 389 3033 rerum
407 2981 505 3033 fierent
523 2978 636 3032 exordia
653 2995 768 3047 semper,

122 3056 206 3112 terrai
223 3056 305 3110 maris
322 3060 351 3110 et
368 3056 435 3110 caeli
453 3054 613 3123 generisque
631 3055 806 3108 animantum.

123 3149 207 3202 quare
224 3132 306 3185 etiam
325 3136 407 3200 atque
424 3132 507 3184 etiam
525 3130 588 3182 talis
605 3131 709 3184 fateare
726 3146 835 3184 neeesse
853 3132 951 3260 cst1⁰

121 3224 183 3263 esse
201 3207 266 3260 alios
284 3207 348 3260 alibi
341 3222 524 3369 rzongressus
541 3205 672 3267 materia,
859 3221 937 3326 ζι
