2234 3526
549 124 596 180 VI
939 131 973 186 17
978 133 994 185 5

145 227 219 282 unde
237 189 350 296 repente
369 233 452 296 queat
468 229 551 283 tellus
569 246 698 284 concussa
715 233 816 286 moveri

145 322 249 376 perque
266 321 342 359 61616
359 323 391 359 66
409 309 498 360 161166
516 305 628 376 rapidus
645 324 805 374 percurrere
823 308 911 374 turbo,

144 383 215 450 igniis
233 381 375 435 abundare
393 384 542 449 Aetnaeae,
560 382 745 436 flammescere
764 385 875 438 caelum.

143 459 173 512 id
192 475 299 528 quoque
317 459 388 511 enim
406 458 438 512 fit
456 462 485 511 et
503 458 649 512 ardescunt
666 459 794 512 caelestia
812 462 914 531 templa
960 477 995 514 616

145 539 173 590 61
192 537 370 602 tempestates
387 534 493 602 pluviae
512 534 636 602 graviore
655 540 749 589 coortu

145 616 215 678 sunt,
234 611 281 664 ubi
297 611 369 664 forte
386 611 425 664 ita
443 628 472 664 se
490 612 643 667 tetulerunt
662 613 763 666 semina
782 629 918 682 aquarum.

145 690 187 742 ‘at
204 688 284 741 nimis
302 691 345 741 est
361 689 455 755 ingens
474 688 581 741 incendi
599 687 728 742 turbidus
745 688 842 742 ardor?

145 765 248 818 seilicet
265 768 294 818 et
312 764 409 817 fluvius
427 765 516 832 quivis
533 769 576 819 est
593 765 727 818 maximus
744 765 771 820 ei

144 841 192 910 qui
209 859 262 894 non
281 845 344 895 ante
362 841 480 909 aliquem
497 841 628 895 maiorem
645 842 721 909 vidit,
741 846 771 896 et
786 842 882 910 ingens
959 859 995 898 676

144 919 226 972 arbor
243 918 378 986 homoque
396 918 512 986 ridetur,
530 922 559 972 et
576 919 665 972 omnia
683 919 835 987 degenere
853 919 926 972 omni

93 1009 95 1012 ·
144 995 262 1048 maxima
278 1011 347 1064 quae
366 995 435 1048 vidit
454 995 575 1064 quisque,
594 996 661 1050 haec
679 996 802 1064 ingentia
814 996 907 1064 lingit,

144 1087 205 1124 cum
223 1074 315 1126 tamen
334 1073 423 1124 omnia
441 1089 503 1124 cum
521 1073 595 1125 caelo
612 1077 742 1142 terraque
759 1073 881 1141 marique

143 1147 181 1200 nil
198 1147 254 1202 sint
272 1149 306 1202 ad
325 1165 458 1201 summam
477 1149 590 1201 summai
607 1150 692 1202 totius
710 1167 825 1204 omnem.

179 1224 258 1278 Nunc
276 1227 369 1278 166166
388 1224 434 1277 1116
452 1224 539 1280 niudis
557 1224 656 1292 quibus
673 1225 785 1280 16111616
802 1230 916 1295 repente
960 1240 996 1280 666

144 1299 252 1354 flamma
269 1302 341 1354 foras
359 1301 443 1354 vastis
463 1301 572 1354 Aetnae
590 1301 743 1354 fornacibus
761 1303 842 1370 efflet,
953 1315 964 1336 r

144 1377 293 1445 expediam.
316 1377 434 1445 primum
451 1377 536 1430 totius
554 1376 671 1430 subcava
688 1378 789 1432 montis

143 1456 186 1507 est
202 1458 307 1521 natura,
325 1455 383 1506 fere
401 1453 505 1506 silicum
523 1453 634 1507 suffulta
651 1455 779 1511 66161616.

144 1531 266 1583 6616111116
284 1533 327 1583 661
344 1546 426 1598 porro
443 1529 472 1582 in
490 1529 625 1599 speluncis
643 1533 739 1585 ventus
758 1535 787 1584 et
805 1547 858 1584 aer.

144 1610 240 1660 ventus
258 1606 329 1659 611161
347 1606 386 1672 fit,
405 1605 451 1658 ubi
469 1610 512 1659 ost
530 1607 659 1673 agitando
677 1607 799 1675 percitus
817 1625 870 1661 aer.
960 1623 996 1661 666

144 1683 187 1734 1116
204 1681 250 1734 ubi
268 1681 403 1748 percaluit
420 1681 596 1750 calefecitque
614 1684 703 1736 omnia
721 1684 821 1738 circum

143 1775 209 1811 saxa
226 1759 324 1822 furens
343 1775 396 1825 qua
414 1759 554 1826 contingit,
572 1761 737 1828 terramque,
755 1764 784 1813 et
802 1761 836 1813 ab
855 1759 914 1813 ollis

143 1835 262 1888 excussit
279 1835 397 1888 calidum
415 1835 529 1888 flammis
547 1836 684 1889 velocibus
701 1837 799 1904 ignem

142 1911 214 1965 tollit
233 1927 311 1964 6666
329 1912 412 1965 rectis
429 1913 469 1965 ita
486 1911 609 1966 faucibus
626 1913 690 1966 eicit
708 1913 770 1967 alte.
850 1967 854 1975 ,
879 1909 888 1956 l

142 1988 197 2042 1611
214 1989 307 2056 itaque
325 1988 450 2041 ardorem
468 1989 548 2056 longe
566 1989 700 2058 longeque
718 1989 838 2043 favillam
958 2006 994 2046 666

142 2065 236 2118 differt
253 2067 283 2117 61
301 2081 392 2117 616666
409 2064 494 2118 161111
512 2065 626 2134 caligine
643 2067 747 2120 fumum

117 2171 120 2177 ·
143 2141 319 2208 extruditque
337 2133 415 2193 s'imul
433 2141 556 2195 mirando
573 2142 695 2210 pondere
714 2159 792 2207 saxa3

56 2277 60 2290 x
142 2234 177 2271 ne
195 2217 304 2270 dubites
322 2217 387 2286 quin
404 2216 472 2270 haee
489 2217 588 2269 animai
606 2216 717 2270 turbida
735 2218 772 2270 sit
790 2218 836 2271 vis.

141 2296 284 2362 praeterea
301 2310 399 2361 magna
416 2310 451 2346 ex
468 2293 542 2361 parti
559 2309 634 2345 111616
652 2294 751 2346 1666116
769 2293 805 2346 ad
823 2294 882 2346 cius

141 2370 248 2424 radices
264 2370 366 2438 frangit
384 2369 482 2423 fluctus
500 2372 659 2436 aestumque
677 2368 807 2422 resorbet.
849 2367 850 2370 ’
957 2386 992 2425 esa

91 2499 94 2505 ,
143 2464 177 2500 cx
194 2446 245 2500 hoc
261 2463 348 2515 usque
360 2446 434 2500 mari
453 2446 597 2514 speluncae
616 2445 717 2498 montis
735 2444 770 2498 ad
788 2446 857 2499 altas

141 2523 304 2593 perveniunt
322 2522 417 2577 subter
434 2522 532 2575 fauces,
551 2521 602 2574 hac
621 2521 661 2574 ire
680 2521 852 2575 fatendumst

142 2679 171 2729 et
188 2679 333 2744 penetrare
352 2677 420 2729 mari
437 2676 547 2745 penitus
564 2693 609 2729 res
626 2677 699 2744 cogit
717 2679 812 2744 aperto

141 2755 226 2820 atque
244 2753 334 2806 efflare
352 2753 425 2806 foras
442 2753 559 2821 ideoque
578 2752 709 2807 extollere
726 2752 862 2805 flammam

142 2845 263 2898 saxaque
281 2829 432 2883 subiectare
450 2834 479 2883 et
496 2846 595 2883 arenae
613 2829 710 2882 tollore
725 2828 840 2882 nimbos.
955 2843 992 2884 roo

139 2906 169 2959 in
188 2921 293 2958 summo
312 2909 375 2960 sunt
393 2907 494 2960 vertice
512 2907 584 2959 enim
603 2908 730 2972 oratores,
749 2908 781 2958 ut
798 2905 850 2973 ipsi

141 2981 320 3048 nominitant3
337 2999 386 3036 nos
404 2983 479 3051 quod
496 2983 588 3036 fauces
606 2980 781 3049 perbibemus
799 2985 828 3036 et
846 2999 900 3036 ora.

177 3058 247 3112 Sunt
259 3059 363 3128 aliquot
376 3074 483 3127 quoque
495 3075 540 3112 166
552 3074 667 3127 quarum
679 3074 761 3110 unam
773 3057 866 3112 dicore
883 3076 990 3113 causam

142 3139 196 3189 non
215 3135 280 3188 satis
298 3139 347 3203 661,
365 3151 460 3188 verum
477 3134 570 3204 pluris,
587 3133 661 3204 unde
678 3151 733 3187 una
750 3137 841 3188 tamen
860 3136 910 3200 sit;

141 3229 239 3281 corpus
257 3215 289 3264 ut
306 3212 460 3266 exanimum
480 3210 575 3277 siquod
593 3212 686 3279 procul
705 3211 764 3279 ipse
781 3211 870 3264 iacere
956 3227 991 3265 166
