2234 3526
104 142 161 199 134
497 149 499 154 ·
521 132 549 189 V

101 242 236 312 significat
254 243 364 307 Pontos,
382 255 458 294 mare
475 241 551 292 cerie
568 237 643 306 quod
660 237 721 290 fluit
738 241 817 292 aestu

100 337 185 374 unum
203 318 313 372 labendi
331 331 493 371 conservans
511 331 597 383 usque
615 318 745 368 tenorem.

91 443 94 448 .
136 392 271 463 [Motibus
288 397 425 446 astrorum
442 407 513 444 nunc
531 406 602 458 quac
619 389 657 443 sit
674 406 754 442 cansa
771 392 906 445 canamus.

101 469 233 538 principio
252 484 366 536 magnus
384 466 452 521 caeli
471 467 493 520 si
510 465 631 519 vortitur
648 463 730 532 orbis,
914 481 952 522 515

100 562 135 598 ex
153 547 270 612 utraque
288 544 380 613 polum
398 543 471 612 perti
488 557 613 610 premere
631 557 696 595 aera
713 541 793 596 nobis

101 619 247 674 dicendum
265 624 309 674 est
326 623 460 688 extraque
477 621 573 672 tenere
591 621 621 671 et
638 616 766 671 claudere
784 617 939 686 utrimque;

99 697 163 750 inde
181 697 264 750 aliurn
282 713 365 765 supra
382 694 468 748 liuere
486 697 570 762 atque
587 693 732 750 intendere
749 693 847 747 eodem

75 805 81 816 ·
100 789 153 841 qno
171 770 304 826 volvenda
322 772 424 825 micant
442 768 548 824 aeterni
567 769 658 822 sidera
675 769 786 834 mundi;

100 851 148 902 aut
165 848 246 901 alium
267 851 369 920 supter,
388 850 483 900 contra
500 844 549 918 qui
567 843 702 899 subvehat
719 845 823 913 orbem,
914 859 951 897 sis

99 927 131 978 55
149 923 245 976 fluvios
262 939 372 977 versare
390 924 465 974 rotas
483 924 567 988 atquc
584 920 697 974 haustra
714 919 846 974 videmus,

100 1003 143 1055 cst
161 999 244 1053 etiam
262 1015 370 1067 quoque
387 997 429 1051 uti
446 996 533 1065 possit
550 997 654 1050 caelum
673 1012 753 1051 omne
770 1012 881 1050 manere

98 1077 126 1128 in
145 1075 269 1142 55551555,Ι
288 1077 459 1127 tamencum
477 1071 568 1125 lueida
584 1073 662 1139 signa
673 1072 813 1136 ferantur;

100 1151 157 1204 sive
174 1151 249 1219 quod
266 1150 362 1203 inclusi
381 1148 471 1216 rapidi
490 1151 554 1201 5555
567 1148 691 1201 aetheris
709 1149 802 1201 aestus

15 1241 19 1249 ·
100 1231 317 1296 quaerentesque
334 1225 406 1279 viam
424 1225 525 1279 circum
544 1227 688 1278 versantur
705 1226 735 1276 et
752 1224 830 1291 ignes
914 1237 951 1277 555

99 1305 200 1371 passim
217 1319 268 1372 per
285 1301 353 1356 caeli
372 1301 483 1355 5515555
499 1300 627 1352 immania
644 1299 763 1367 templa3

101 1380 157 1432 sive
174 1379 283 1433 aliunde
300 1378 388 1432 fluens
405 1376 532 1430 alicunde
549 1375 719 1428 extrinsecus
737 1390 786 1428 aer

100 1458 192 1508 versat
209 1471 292 1522 agens
309 1454 394 1522 ignis;
413 1454 469 1506 sive
486 1452 537 1520 ipsi
555 1467 667 1519 serpere
684 1454 798 1519 possunt

100 1547 153 1599 qno
171 1531 301 1599 cuiusque
319 1528 395 1583 cibus
413 1532 493 1583 vocat
510 1531 594 1594 atque
611 1526 709 1580 invitat
729 1526 827 1592 euntis,

99 1607 224 1660 flammea
241 1623 291 1674 per
309 1606 414 1660 eaelum
431 1603 568 1674 pascentis
586 1618 699 1670 corpora
716 1602 824 1669 passim.
912 1616 948 1655 sae

99 1699 161 1736 nam
180 1683 247 1752 quid
265 1682 293 1735 in
311 1682 362 1735 hoe
380 1680 481 1735 mundo
500 1680 537 1735 sit
554 1695 647 1733 eorum
665 1694 767 1746 ponere
784 1680 891 1732 certum

100 1758 209 1812 difficile
227 1762 284 1824 cst;
302 1758 350 1812 sed
369 1757 437 1826 quid
454 1755 541 1826 possit
558 1755 661 1822 fiatque
679 1770 730 1823 per
746 1770 827 1808 omne

99 1835 128 1887 in
145 1835 227 1888 variis
244 1834 354 1888 mundis
372 1833 447 1886 varin
465 1832 571 1886 ratione
589 1829 696 1896 creatis,

100 1910 130 1963 id
149 1909 233 1964 doceo
251 1910 392 1979 plurisque
410 1924 510 1977 sequor
528 1907 674 1976 disponere
691 1921 792 1971 causas,

100 1985 220 2040 motibus
237 1990 373 2040 astrorum
392 2000 461 2052 quae
478 1983 585 2052 possint
602 1999 662 2036 5555
680 1997 731 2051 per
748 1995 843 2044 omne;
879 1997 881 2002 ·
912 1995 949 2034 555

100 2079 116 2115 5
128 2061 227 2129 quibus
238 2078 293 2115 una
305 2065 397 2115 tamen
409 2059 486 2112 sitin
497 2058 548 2112 hoc
560 2074 668 2126 quoque
681 2072 762 2112 causa
772 2059 911 2110 necessest

100 2154 171 2206 quae
188 2141 287 2206 vegeat
304 2140 409 2190 motum
427 2135 524 2204 signis3
543 2134 593 2188 sed
610 2149 681 2202 quae
699 2132 735 2186 sit
753 2148 846 2185 aarum

99 2213 257 2282 praecipere
274 2212 505 2281 hautquaquamst
523 2210 703 2280 pedetemtim
721 2206 938 2276 progredientis]

134 2290 273 2359 Terraque
290 2293 323 2343 55
338 2288 367 2341 in
384 2287 475 2342 media
492 2286 588 2341 mundi
605 2285 715 2352 5555555
733 2283 865 2351 quiescat,

99 2381 260 2420 evanescere
278 2364 410 2433 paulatim
428 2368 457 2418 55
475 2364 634 2417 decrescere
652 2360 759 2428 pondus
913 2371 949 2412 555

99 2443 232 2510 convenit,
251 2445 334 2510 atque
352 2441 433 2494 aliam
450 2443 576 2494 naturam
595 2440 690 2506 supter
709 2435 810 2489 habere

99 2534 133 2571 ex
151 2519 262 2571 ineunte
280 2533 345 2570 aevo
363 2517 533 2571 coniunctam
551 2518 634 2582 atque
651 2513 743 2567 uniter
760 2513 853 2580 aptam

99 2594 223 2662 partibus
241 2593 321 2646 aeriis
339 2592 434 2647 mundi
452 2591 552 2660 quibus
569 2590 652 2644 insita
669 2587 743 2642 vivit.

99 2673 246 2739 propterea
262 2685 316 2722 555
334 2672 377 2722 555
394 2668 471 2722 oneri
489 2683 579 2736 neque
597 2665 729 2735 deprimit
747 2679 842 2727 auras;

100 2751 133 2801 55
150 2763 199 2800 555
216 2745 314 2813 cuique
331 2744 432 2798 homini
450 2743 524 2796 nullo
542 2746 606 2796 5555
624 2741 745 2810 pondere
762 2737 887 2792 membra
914 2751 951 2790 555

100 2838 151 2875 555
167 2825 251 2889 eaput
268 2825 311 2875 est
328 2821 403 2874 oneri
421 2819 490 2874 eollo
507 2835 558 2872 nec
577 2817 694 2886 denique
711 2819 802 2870 totum

100 2897 221 2964 corporis
238 2897 267 2949 in
285 2896 402 2967 pedibus
419 2895 525 2965 pondus
543 2893 676 2948 sentimus
693 2893 798 2958 inesse;

100 2975 130 3025 at
148 2988 334 3040 quaecumque
350 2971 417 3026 foris
434 2971 548 3026 veniunt
564 2970 728 3038 inpostaque
744 2965 823 3022 nobis

99 3048 223 3114 pondera
240 3052 304 3102 sunt
321 3048 443 3115 laedunt,
460 3046 597 3115 permulto
615 3062 697 3114 saepe
715 3044 825 3097 minora

100 3138 188 3190 usque
206 3123 274 3176 adeo
292 3124 383 3191 magni
400 3121 487 3177 refert
505 3120 572 3191 quid
589 3136 714 3190 quaeque
732 3122 811 3174 sucat
828 3133 881 3174 res.
914 3131 951 3173 545

100 3197 242 3264 sicigitur
259 3197 340 3250 tellus
358 3214 412 3251 non
429 3202 473 3252 555
490 3197 578 3250 aliena
595 3199 709 3264 repente
