2252 3530
286 4 529 100 Muxsi«,
589 26 677 90 w
774 71 777 80 i

580 121 613 176 Π

172 225 202 277 99
219 221 311 277 ridere
329 227 421 292 potest
439 239 493 276 non
511 239 544 275 ex
562 221 712 286 ridentibu'¹
727 222 816 276 sactus

168 300 203 354 ’99
220 317 315 368 sapere
333 305 363 352 et
380 299 469 352 doctis
486 299 620 352 rationem
639 299 756 352 reddere
774 290 855 370 dictis

151 393 226 432 snon
245 393 278 430 ex
297 375 445 429 seminibus
464 375 632 443 sapientibus
650 379 733 443 atque
752 375 869 444 disertis,

93 415 159 540 m

168 451 326 528 m
345 469 404 504 esse
423 457 525 520 queant
543 468 576 504 ea
594 468 663 520 quae
683 452 784 505 sentire
802 451 927 504 videmus

173 528 474 596 seminibuspermixta
491 523 648 581 carentibir's
665 528 787 596 undique
805 529 902 582 sensui
986 544 1021 582 999

209 605 333 673 Denique
352 604 463 658 caelesti
481 621 574 657 sumus
592 621 685 657 omnes
704 605 806 657 semine
824 604 949 669 oriundi;

173 680 298 734 omnibus
315 680 361 734 ille
379 680 453 734 idem
471 685 552 749 pater
570 686 619 748 est,
637 681 711 734 mide
729 681 800 734 alma
817 680 947 748 liquentis

172 757 274 810 umoris
290 760 384 824 guttas
402 761 492 810 mater
509 773 569 810 cum
588 761 663 810 terra
679 757 791 825 recepit,

171 836 228 889 feta
245 834 317 902 parit
334 833 437 886 nitidas
454 834 547 901 fruges
565 832 731 902 arbustaque
747 833 821 887 laeta

97 944 99 950 -
171 913 200 962 et
217 927 303 977 genus
321 909 476 973 humanum,
494 909 567 978 parit
584 909 675 962 omnia
692 911 781 963 saecla
798 911 926 978 ferarum,
986 925 1022 964 aas

135 2927 142 2952 t

134 3010 140 3024 Ν

169 985 270 1054 pabula
287 1003 349 1040 cum
366 985 481 1054 praebet
498 985 595 1053 quibus
613 1002 706 1038 omnes
724 1002 838 1056 corpora
854 988 971 1056 pascunt

170 1067 199 1116 ct
218 1063 325 1117 dulcem
344 1063 449 1116 ducunt
466 1063 550 1116 vitam
568 1063 727 1132 prolemque
744 1068 912 1132 propagant3

170 1144 339 1209 quapropter
357 1139 455 1191 merito
473 1142 625 1191 araterrium
643 1155 740 1192 nomen
757 1140 859 1209 adepta
876 1143 927 1194 est.

171 1215 245 1268 cedit
261 1216 328 1270 item
346 1219 429 1283 retro,
447 1216 482 1267 de
500 1219 575 1267 terra
593 1215 665 1283 quod
682 1215 735 1268 fuit
753 1221 825 1282 ante,

168 1292 197 1344 in
215 1296 311 1359 terras,
329 1295 359 1346 99
376 1290 450 1359 quod
467 1292 605 1344 missumst
623 1308 656 1344 cx
674 1292 792 1345 aetheris
809 1293 872 1361 orie,

170 1367 200 1420 id
217 1385 324 1422 rursum
342 1367 409 1421 caeli
426 1367 552 1421 rellatum
570 1367 673 1436 templa
690 1373 839 1437 recept-ant.

169 1461 221 1498 neo
240 1445 277 1498 sie
294 1444 435 1498 interemit
452 1460 524 1497 mors
543 1461 586 1498 res
603 1449 635 1496 ut
653 1445 775 1498 materiai
808 1503 812 1509 .

169 1537 284 1591 corpora
301 1521 434 1583 conficiat,
452 1521 502 1574 sed
520 1526 626 1574 coetum
646 1519 768 1590 dissupat
786 1522 853 1576 ollis.

169 1597 234 1651 inde
251 1598 311 1650 aliis
328 1597 404 1651 aliud
422 1597 592 1664 conirmgitur
610 1600 639 1650 99
657 1597 690 1649 iit
707 1602 739 1652 ut
756 1614 848 1652 ornnes

169 1691 213 1726 res
231 1674 270 1728 ita
288 1677 448 1728 convertant
464 1673 565 1726 formas
583 1678 745 1742 mutentque
762 1675 865 1729 colores

170 1754 199 1803 et
216 1751 325 1820 capiant
342 1767 437 1804 sensus
454 1753 484 1804 99
501 1754 603 1819 puncto
621 1754 745 1819 tempore
762 1751 888 1819 reddant,

169 1831 200 1880 ut
218 1843 311 1880 noscas
329 1827 432 1880 referre
451 1826 546 1880 eadem
564 1827 714 1896 primordia
731 1839 822 1881 rerum

169 1920 229 1957 cum
248 1903 344 1972 quibus
363 1906 392 1957 et
409 1903 483 1971 quali
499 1903 623 1972 positura
640 1903 829 1958 contineantur

168 1983 197 2033 et
214 1996 280 2048 quos
297 1981 369 2034 inter
387 1997 416 2033 se
434 1980 502 2033 dent
519 1983 609 2033 motus
626 1979 820 2050 accipiantque,

166 2061 234 2109 neve
252 2060 332 2125 putes
350 2061 461 2110 aeterna
477 2073 562 2125 penes
579 2057 700 2110 residere
717 2063 825 2125 potesse

168 2148 283 2198 corpora
300 2133 388 2201 prima
405 2133 478 2200 quod
496 2133 522 2185 in
542 2133 654 2186 summis
672 2133 779 2188 fluitare
796 2135 920 2191 videmus

167 2209 249 2262 rebus
267 2215 295 2262 ct
312 2209 451 2262 interdum
470 2211 543 2262 irasci
561 2209 704 2278 subitoque
722 2212 818 2278 perire.

168 2285 231 2352 quin
250 2285 332 2338 ctiam
350 2285 436 2338 refert
453 2286 553 2338 nostris
571 2285 599 2336 in
617 2286 738 2338 rer-sibus
756 2287 821 2356 ipsis

169 2377 229 2414 cum
247 2361 345 2430 quibus
363 2365 392 2414 99
409 2361 483 2429 quali
500 2361 555 2412 sint
572 2360 666 2414 ordine
684 2379 806 2431 quaeque
823 2364 918 2419 locata.

168 2452 272 2490 NAMQUE
282 2453 365 2484 EADEM
379 2452 477 2485 CAELUM
488 2451 555 2482 MARE
569 2451 660 2484 TERRAS
673 2452 784 2485 siunins
798 2453 874 2486 SOLEM

168 2514 321 2553 promissus
334 2515 417 2547 EADEM
431 2515 524 2546 FRUGES
534 2513 644 2546 ARBUS'I'A
657 2513 790 2547 Asiusxms

168 2578 191 2632 si
209 2595 263 2630 non
280 2578 370 2630 omnia
387 2585 457 2640 sunt,
476 2580 506 2630 at
523 2575 610 2629 mirlto
626 2576 744 2629 maxima
761 2593 826 2646 pars
843 2580 888 2644 est

168 2654 329 2716 eonsirnilis;
346 2670 441 2707 rerum
459 2653 582 2722 positura
599 2652 778 2721 discrepitant
796 2670 846 2708 res.
925 2697 926 2700 ,

167 2733 206 2786 sie
223 2731 290 2800 ipsis
307 2731 335 2783 in
354 2731 435 2784 rebus
453 2731 519 2783 item
537 2729 591 2783 iam
608 2729 733 2784 materiai

167 2825 320 2857 inrnnvsnna
331 2825 388 2857 viss
400 2824 509 2856 CONEXUS
522 2823 633 2856 Ponbnns
647 2824 754 2857 Pisones

161 2879 312 3015 leoncursqs
330 2889 419 2940 motus
437 2886 505 2940 ordo
522 2885 647 2955 positura
664 2885 767 2954 figurae

167 2979 228 3016 cum
246 2979 280 3031 pe
306 2967 445 3030 nutantur,
462 2963 563 3016 mutari
580 2979 625 3016 res
642 2979 749 3031 quoque
767 2963 877 3018 debent.

203 3040 283 3093 Nune
301 3042 419 3092 arrimum
436 3038 513 3092 nobis
531 3038 630 3093 adhibe
648 3056 739 3093 veram
757 3040 793 3092 ad
811 3040 950 3106 rationem.

166 3133 229 3170 nam
246 3116 298 3170 tibi
316 3118 457 3180 9999999999
473 3132 542 3169 nova
558 3132 603 3170 res
620 3116 731 3169 molitur
748 3116 784 3168 ad
802 3116 875 3172 auris

166 3192 298 3247 accedere
316 3197 346 3248 et
361 3209 431 3248 nova
449 3209 478 3246 se
496 3193 599 3261 speeies
617 3192 763 3246 ostendere
780 3209 879 3248 rerum.
974 3209 1020 3248 102⁵

243 3305 254 3322 r
281 3289 295 3334 ἰ
