2234 3526
158 135 214 194 176
436 144 440 149 ’
550 133 599 192 VI

155 241 304 310 conspicias
322 240 442 305 hominis,
460 240 493 292 fit
509 243 541 293 ut
559 241 646 293 omnis
664 240 755 293 dicere
773 256 867 293 causas

156 317 297 372 conveniat
315 316 371 384 leti,
390 315 498 368 dicatur
516 320 547 369 ut
564 316 636 368 illius
654 332 714 368 una.

155 411 219 446 7007
237 409 325 460 neque
343 409 404 445 eum
422 391 495 444 ferro
512 408 563 444 700
580 392 681 458 frigore
698 392 806 445 vincere
824 394 911 460 possis

154 470 289 524 interiisse
307 484 395 535 nequo
414 484 430 520 a
448 466 542 519 morbo
561 485 648 534 neque
665 469 738 520 70770
756 484 867 534 venene,

155 563 249 599 verum
262 543 364 612 aliquid
374 558 474 609 genere
487 560 592 596 000007
605 543 655 596 hoc
667 543 741 613 quod
753 545 867 612 contigit
880 545 904 598 ei
968 562 1004 602 770

155 623 260 675 seimus.
279 621 345 674 item
363 619 392 670 in
408 617 501 671 multis
518 620 569 673 hoc
586 620 669 673 rebus
686 620 778 674 dicere
795 620 933 675 habemus.

190 698 268 751 Nilus
285 697 313 749 in
331 699 463 748 aestatem
481 697 579 748 crescit
596 697 753 766 campisque
771 696 915 764 redundat,

155 774 293 827 0771077010
311 772 393 846 terris
413 772 532 839 Aegypti
551 773 636 824 totius
654 773 747 825 0777710.

154 850 177 902 10
195 851 266 918 rigat
286 851 441 917 Aegyptum
460 847 578 901 medium
597 865 647 917 per
665 865 745 916 saepe
764 849 888 918 calorem,

154 930 202 978 aut
221 927 284 995 quia
302 930 365 978 sunt
383 927 488 978 aestate
506 925 646 993 aquilones
664 925 854 992 00710000770,
966 938 1003 978 770

154 1002 216 1054 0771
234 1006 358 1070 tempore
376 1018 408 1053 00
426 1001 472 1068 qui
490 1001 592 1054 etesiae
610 1001 819 1068 0000107707777,

154 1083 183 1132 et
201 1082 295 1132 contra
312 1077 422 1130 fiuvium
440 1077 538 1130 fientes
556 1081 729 1130 remorantur
746 1079 775 1130 et
792 1077 880 1130 undas

153 1158 280 1222 cogentes
299 1171 391 1208 sursus
409 1154 516 1222 replent
534 1157 688 1222 cogtmtque
708 1171 824 1207 manere.

153 1247 215 1284 nam
233 1231 316 1284 dubio
332 1230 426 1299 procul
445 1230 513 1283 haec
530 1229 645 1283 adverso
663 1230 749 1283 flabra
766 1230 891 1284 feruntur

153 1307 270 1372 17777170,
288 1323 357 1376 quae
375 1307 474 1375 gelidis
492 1306 526 1359 ab
545 1306 631 1360 stellis
649 1307 708 1359 axis
726 1311 851 1374 aguntur.
965 1319 1002 1360 770
1081 1307 1082 1316 ’

152 1383 197 1437 7110
216 1401 249 1437 ex
268 1383 396 1436 aestifera
414 1382 486 1451 parti
504 1383 579 1436 70017
597 1383 683 1455 amnis
702 1382 737 1434 ab
755 1386 856 1450 austro,

151 1460 223 1514 inter
240 1461 318 1528 nigra
336 1459 423 1511 virum
442 1463 567 1528 percocto
586 1459 674 1512 saecla
691 1459 780 1511 colore

153 1538 277 1590 exoriens
295 1537 404 1605 penitus
422 1535 513 1588 media
531 1535 565 1588 ab
583 1536 693 1602 regione
712 1535 773 1588 diei.

152 1617 195 1666 007
213 1629 320 1680 quoque
337 1611 378 1664 uti
396 1612 481 1680 possit
499 1627 612 1679 magnus
629 1615 774 1679 congestus
791 1611 908 1664 harenae

152 1689 278 1743 fluetibus
296 1689 417 1742 adversis
436 1688 557 1757 oppilare
576 1688 645 1740 ostia
662 1690 764 1755 contra,
964 1702 1001 1742 777
1081 1689 1082 1694 ’

152 1782 212 1817 07770
231 1781 305 1817 77070
322 1768 475 1832 permotum
493 1764 581 1817 7077710
598 1765 654 1817 ruit
671 1765 745 1817 intus
762 1763 907 1829 harenam;

151 1857 204 1908 quo
222 1841 255 1894 fit
272 1841 313 1892 nti
331 1845 411 1908 pacto
430 1840 498 1892 liber
515 1840 604 1892 minus
623 1841 713 1894 exitus
731 1841 802 1893 anmi

151 1920 180 1967 ct
198 1916 323 1985 proclivis
340 1916 405 1968 item
425 1916 473 1968 fiat
491 1917 579 1968 minus
596 1916 715 1984 impetus
733 1916 819 1968 undis.

150 1992 182 2045 177
201 2009 307 2060 quoquc
324 1992 365 2045 uti
384 1991 489 2059 pluviae
507 1993 597 2045 forsan
616 1993 702 2060 magis
720 1993 756 2044 ad
774 1995 855 2061 capnt
872 1992 898 2044 ci

150 2073 273 2136 tempore
291 2083 323 2120 00
342 2068 414 2132 fiant,
432 2067 505 2134 quod
523 2069 609 2122 etesia
627 2068 713 2121 flabra
731 2069 884 2136 aquilonum
962 2083 999 2123 730
1077 2072 1080 2083 “

149 2143 240 2197 nubila
259 2144 393 2197 coniciunt
410 2144 438 2196 in
456 2160 502 2196 eas
520 2148 585 2197 tnnc
603 2144 693 2197 omnia
710 2145 802 2212 partis.

150 2221 253 2274 00111007
271 2219 307 2273 ad
325 2220 442 2272 mediam
461 2219 600 2288 regionem
617 2221 705 2274 eiecta
722 2221 776 2274 diei

150 2315 211 2351 cum
229 2299 419 2364 convenerunt,
437 2296 475 2349 ibi
493 2297 529 2350 ad
546 2297 616 2356 altos
635 2296 753 2366 denique
770 2297 871 2350 0700710

148 2378 291 2427 contrusae
308 2373 394 2425 nubes
412 2376 546 2440 coguntur
563 2373 643 2442 vique
661 2378 829 2443 premuntur.

148 2451 226 2503 forsit
214 2453 260 2503 707
279 2449 444 2518 Aethiopum
462 2451 538 2518 penit
539 2468 571 2504 us
526 2451 624 2504 tde
642 2450 778 2504 montibus
796 2450 842 2504 017
822 2454 858 2504 770
962 2465 997 2506 700

148 2529 260 2594 0700007,
277 2525 348 2578 77171
342 2542 409 2578 m
387 2543 496 2594 campos
514 2527 589 2580 albas
608 2527 774 2580 descendere
792 2527 906 2594 ningues

147 2602 264 2660 tabificis
283 2591 385 2670 subigit
403 2603 487 2655 radiis
505 2603 544 2656 sol
562 2603 794 2656 070010177077000.

183 2678 984 2749 11070ος0,0707007171077000777710000777707701007700770

147 2753 298 2843 expediam,
317 2754 390 2822 quali
408 2761 507 2808 natura
524 2755 649 2824 praedita
667 2760 745 2810 00007
733 2759 800 2810 7.007

146 2831 286 2900 principio,
304 2848 358 2900 quo
377 2834 487 2884 Averna
504 2837 635 2886 vocantur
653 2832 768 2900 0070100,
785 2831 816 2884 id
832 2831 867 2884 ab
885 2848 916 2885 re
959 2846 995 2886 770

146 2906 327 2974 inpositumst,
345 2909 408 2976 quia
425 2912 488 2961 sunt
505 2908 599 2962 0711700
616 2911 752 2963 contraria
769 2908 878 2972 cunctis,

146 2997 162 3032 0
180 2983 289 3048 regione
308 3000 340 3036 ea
359 2983 433 3052 qnod
451 2984 510 3038 loca
527 3001 589 3038 cum
607 3002 706 3038 venere
724 2985 853 3050 70100700,

146 3057 243 3122 remigi
261 3059 361 3112 oblitae
378 3077 528 3126 pennarum
545 3063 606 3115 7010
623 3063 768 3115 7070177007

146 3133 364 3201 praecipitesque
381 3137 483 3189 cadunt
500 3138 575 3191 molli
593 3139 697 3191 cervice
714 3137 839 3205 profusae

146 3206 173 3256 in
192 3209 301 3273 terram,
321 3211 342 3260 si
361 3211 431 3264 forte
448 3213 487 3265 ita
504 3215 558 3267 7077
574 3219 672 3267 natura
689 3213 815 3277 iocorum,
960 3228 996 3270 777
