2234 3526
113 105 169 161 168
520 102 547 156 V
554 102 568 156 Ι

110 208 185 276 quod
202 207 225 260 si
244 207 369 275 Iuppiter
388 209 470 274 atque
487 207 532 260 alii
549 205 682 274 fulgentia
699 204 756 258 diri

110 284 231 337 terrifico
247 283 377 352 'quatirmt
395 283 484 336 sonitu
502 281 630 335 caelestia
646 280 749 349 templa

110 364 139 414 et
157 359 259 414 iaciunt
277 359 368 425 ignem
386 376 439 426 quo
457 359 601 427 quoiquest
619 373 735 426 cumque
754 356 887 425 voluptas

111 453 159 488 cur
176 435 274 504 quibus
291 434 431 488 incautum
449 435 536 488 seclus
554 433 704 489 aversabile
723 437 864 501 cumquest
926 448 963 487 000

111 529 163 564 non
180 511 285 565 facimt
301 511 349 565 icti
368 511 490 564 flammas
507 516 539 565 ut
557 511 672 578 fulguris
689 510 782 564 halent

111 592 222 656 pectore
238 588 351 657 perfixo,
370 587 502 641 documen
520 588 679 641 mortalibus
696 603 767 652 acre,

111 668 140 717 et
157 664 249 733 potius
266 664 340 717 nulla
357 663 409 717 sibi
427 664 502 732 turpi
520 663 641 716 conscius
659 664 686 716 in
705 680 735 717 re

111 740 229 794 volvitur
246 741 274 793 in
293 740 408 794 flammis
426 739 551 792 innoxius
568 740 650 807 inque
668 740 780 809 peditur

111 815 220 870 turbine
238 816 348 870 caelesti
368 816 458 870 subito
477 821 619 885 correptus
637 821 666 870 et
683 817 756 884 ignit
926 833 963 872 aaa

111 909 160 946 cur
177 893 259 946 etiam
277 893 335 945 loca
354 893 410 945 sola
427 895 527 961 petunt
544 893 700 962 frustraque
718 892 860 949 laboranti

112 985 144 1022 an
165 972 224 1023 tum
243 969 369 1022 bracchia
388 973 567 1022 consuescunt
586 969 749 1036 firmantque
767 970 901 1025 lacertosi

110 1046 138 1098 in
156 1049 285 1113 terraque
303 1045 389 1116 patris
408 1062 456 1098 eur
474 1046 558 1099 telum
576 1045 769 1114 perpetiuntur

112 1122 246 1190 optundit
264 1139 312 1174 cur
330 1122 388 1190 ipse
407 1121 472 1175 sinit
490 1139 579 1190 neque
596 1122 685 1191 parcit
703 1123 730 1175 in
748 1123 850 1178 bestisi

112 1198 228 1266 denique
248 1215 296 1251 cur
314 1215 462 1266 numquam
480 1198 555 1252 eaelo
574 1199 638 1253 iacit
656 1200 776 1269 undique
794 1217 862 1270 puro
927 1217 964 1256 000

112 1274 239 1343 luppiter
257 1275 290 1326 ia
308 1281 395 1327 terras
413 1274 515 1328 fulmen
534 1276 691 1342 sonitusque
709 1276 867 1346 profundit?

111 1367 145 1403 an
164 1351 242 1403 simul
261 1367 291 1404 ac
309 1349 396 1404 nubes
415 1367 575 1420 successere,
593 1352 652 1421 ipse
670 1351 698 1404 in
716 1357 838 1406 eastum

112 1426 261 1495 descemlit,
279 1443 364 1495 prope
382 1431 413 1480 ut
431 1427 493 1481 binc
512 1428 563 1482 teli·
579 1427 746 1482 determinet
764 1429 851 1482 ictusi

111 1504 139 1556 in
157 1519 232 1557 mare
251 1520 304 1570 qua
321 1520 404 1573 porro
421 1504 508 1558 mittit
527 1504 648 1558 rational
668 1505 735 1574 quid
752 1505 839 1558 undas

112 1580 203 1647 arguit
221 1583 250 1634 et
267 1580 399 1649 liquidam
417 1580 516 1634 molem
535 1597 697 1649 camposque
715 1581 851 1636 natantis?
927 1598 963 1636 000

112 1662 254 1724 praeterea
272 1657 295 1710 si
313 1658 371 1710 vult
390 1674 533 1711 caveamus
550 1657 669 1710 fulminis
687 1657 780 1725 ictum,
993 1653 999 1666 '

112 1751 161 1787 eur
179 1734 289 1787 dubitat
305 1734 395 1787 facere
413 1737 444 1786 ut
461 1734 597 1802 pessimus
615 1751 727 1787 cernere
745 1734 874 1787 missumi

113 1811 135 1862 si
153 1827 203 1863 nee
221 1810 357 1878 opinantis
375 1813 466 1864 autem
484 1811 541 1864 volt
559 1811 712 1880 opprimere
729 1811 793 1878 igni,

113 1889 257 1938 curtenai
275 1903 310 1938 ex
328 1887 374 1938 illa
391 1890 478 1954 parte,
498 1890 529 1940 ut
547 1887 634 1940 vitare
653 1903 789 1955 queamus,

113 1977 161 2014 cur
173 1961 301 2014 tenebras
313 1965 377 2014 autc
389 1965 419 2014 et
430 1962 556 2016 fremitus
569 1967 597 2016 et
609 1979 748 2015 murmura
760 1963 863 2016 conciti
927 1979 963 2017 410

113 2041 142 2090 et
160 2037 239 2089 simul
257 2038 285 2090 in
304 2037 404 2090 multas
422 2038 510 2105 partis
528 2040 574 2106 qui
594 2039 706 2092 eredere
724 2039 810 2108 possis

113 2113 240 2167 mitterei
253 2130 287 2166 an
297 2114 350 2166 lroc
362 2114 433 2167 ausis
446 2131 593 2183 numquam
606 2116 771 2170 contendere
783 2116 892 2180 factum,

113 2193 144 2244 ut
162 2190 261 2243 fierent
278 2191 350 2244 ictus
367 2207 421 2244 une
441 2191 491 2244 sub
510 2195 634 2262 tempore
646 2192 755 2260 pluresl

112 2271 142 2320 at
160 2271 268 2335 saepest
286 2283 399 2320 nurnero
416 2267 519 2321 factum
537 2268 650 2336 fierique
668 2274 813 2336 necessest,

112 2347 144 2396 ut
162 2343 256 2412 pluere
274 2344 301 2396 in
318 2344 411 2398 multis
429 2344 585 2412 regionibus
603 2349 632 2398 ot
650 2347 750 2398 cadere
766 2345 868 2412 imbris,
925 2359 963 2398 415

113 2420 227 2473 fulmina
244 2420 282 2473 sie
300 2429 353 2474 une
371 2421 431 2475 fieri
450 2421 500 2474 sub
519 2426 642 2491 tempore
660 2423 755 2476 multa.

113 2499 252 2564 postremo
271 2513 318 2550 eur
337 2500 429 2551 sancta
448 2499 530 2550 deum
549 2499 664 2552 delubra
681 2515 798 2566 suasque

113 2572 226 2626 discutit
244 2573 343 2626 infesto
361 2574 515 2643 praeclaras
533 2575 644 2629 fulmine
663 2575 742 2628 sedes

113 2653 142 2702 et
160 2649 230 2702 bene
248 2651 321 2703 fucta
339 2651 421 2704 deum
439 2651 541 2719 frangit
560 2653 704 2705 sinmlaera
722 2653 830 2721 suisque

114 2726 200 2779 demit
218 2726 382 2794 imaginibus
399 2726 517 2780 m'elento
535 2730 645 2783 volnere
663 2729 809 2782 honorem?
927 2743 964 2782 400

113 2803 223 2871 altaque
241 2819 290 2856 eur
307 2804 467 2872 plerumque
486 2807 557 2872 petit
574 2806 634 2859 loca
651 2805 821 2875 plurimaque
839 2805 898 2857 eius

89 2904 90 2908 =
113 2879 251 2932 montibus
268 2880 296 2932 in
315 2880 428 2932 summis
445 2881 561 2948 vestigia
579 2883 713 2935 cernimus
731 2882 818 2950 ignis?

149 2955 228 3019 Quod
247 2961 379 3026 superest,
398 2957 503 3010 facilest
521 2973 555 3010 ex
572 2958 614 3012 his
633 2975 794 3027 cognoscere
811 2956 900 3022 rebus,

114 3034 254 3098 presteras
273 3032 339 3084 Grai
357 3049 426 3100 quos
444 3033 479 3086 ab
494 3051 525 3088 re
542 3036 747 3103 nominitarunt,

114 3105 142 3156 in
160 3121 234 3158 mare
252 3125 306 3173 qua
322 3109 398 3162 missi
416 3111 527 3164 veniant
544 3112 648 3164 ratione
667 3129 790 3182 superne.
927 3125 966 3166 425

114 3195 178 3233 nam
196 3181 228 3233 fit
245 3187 277 3235 ut
294 3185 432 3239 interdum
450 3190 590 3254 tamquam
609 3189 727 3242 demissa
746 3189 870 3243 columna
