2234 3526
550 140 600 198 VI
947 141 1006 200 173

156 244 294 300 disturbat
311 245 392 299 urbes
410 250 439 300 et
456 250 547 299 terrae
564 249 655 299 motus
672 245 792 300 obortus.

155 323 296 390 multaque
314 325 459 391 praeterea
476 321 635 376 oeciderunt
653 323 759 376 moenia
775 323 881 391 magnis

156 398 276 452 motibus
293 398 322 451 in
339 398 422 452 terris
440 401 470 452 et
487 398 589 452 multae
606 415 657 466 per
674 415 749 452 mare
767 409 876 467 pessum

155 474 304 528 subsedere
323 477 379 529 suis
396 476 502 544 pariter
519 493 581 529 oum
599 475 703 529 civibus
720 477 809 530 nrbes.
973 491 1010 530 tao

156 550 230 619 quod
248 551 300 604 nisi
318 553 481 621 prorumpit,
500 555 593 606 tamen
611 552 730 622 impetus
747 553 806 620 ipso
824 553 922 607 animai

155 630 184 680 et
201 627 261 681 fera
278 628 319 680 vis
336 629 410 682 venti
428 645 478 696 per
495 628 590 682 crebra
607 629 740 682 foramina
758 633 849 682 terrae

156 702 319 771 dispertitur
335 709 366 758 ut
384 705 481 758 horror
498 707 527 758 et
544 704 643 758 incutit
660 705 726 758 inde
742 709 890 759 tremorem
899 727 906 772 ;

155 779 302 846 frigusuti
319 786 426 835 nostros
443 781 552 850 penitus
570 797 631 834 cum
651 782 770 836 venitin
788 785 874 846 artus,

113 871 117 888 ·
156 857 279 910 concutit
295 857 395 910 invinrs
413 873 512 925 cogens
531 860 650 911 tremere
667 861 750 926 ablue
767 874 884 912 movere.
970 873 1005 911 sas

157 931 268 999 ancipiti
287 931 428 1002 trepidant
446 933 532 1001 igitur
548 936 655 987 terrore
672 950 722 1002 per
739 934 822 1001 urbis,

156 1010 232 1061 tecta
250 1025 366 1078 superne
384 1010 490 1078 timent,
507 1012 634 1064 metuunt
652 1009 757 1064 inferne
775 1026 904 1065 cavernas

157 1084 242 1138 terrai
259 1101 294 1138 ne
312 1085 443 1140 dissoluat
460 1089 560 1140 natura
577 1090 698 1156 repente,

157 1177 211 1213 neu
229 1160 361 1214 distracta
379 1179 457 1215 suum
475 1163 531 1215 late
548 1162 696 1232 dispandat
714 1163 818 1217 hiatum

157 1237 247 1305 adque
265 1238 320 1290 suis
338 1238 448 1292 confusa
466 1237 533 1291 velit
550 1237 688 1306 complere
705 1233 812 1292 ruinis.¹
975 1255 1010 1294 ooo

157 1313 273 1382 proinde
290 1313 355 1367 licet
373 1314 495 1382 quamvis
513 1313 618 1367 caelum
636 1318 795 1382 terramque
814 1320 926 1369 reantur

156 1389 315 1458 incorrupta
332 1389 390 1443 fore
408 1393 535 1442 aeternae
553 1389 683 1443 mandata
700 1390 796 1456 saiuti;

158 1469 187 1518 et
205 1469 298 1518 tamen
314 1464 454 1519 interdum
473 1481 603 1533 praesens
621 1465 661 1519 vis
678 1465 740 1535 ipsa
755 1466 850 1534 pericli

158 1541 254 1595 subdit
271 1545 301 1596 et
318 1541 390 1594 hunc
410 1541 550 1594 stimulum
568 1541 686 1609 quadam
704 1542 739 1596 de
757 1548 836 1611 parte
852 1544 964 1607 timoris,

157 1634 192 1671 ue
211 1617 329 1688 pedibus
351 1618 452 1686 raptim
471 1618 552 1671 tetius
571 1617 712 1672 subtracta
730 1620 834 1672 feratur
976 1635 1011 1673 uit

158 1695 186 1746 in
204 1693 364 1747 barathrum
381 1710 526 1762 rerumque
545 1697 676 1761 sequatur
692 1694 803 1763 prodita
821 1712 925 1749 summa

157 1769 282 1824 funditus
300 1773 329 1824 et
347 1771 396 1824 fiat
413 1771 509 1824 mundi
526 1771 638 1824 confusa
653 1771 737 1824 ruina.

194 1847 343 1916 [Principio
361 1864 437 1901 mare
454 1847 589 1900 mirantur
606 1863 660 1900 non
678 1847 796 1901 reddere
814 1849 900 1902 maius

158 1929 293 1990 naturam,
311 1940 365 1992 quo
383 1923 420 1977 sit
437 1926 531 1977 tantus
549 1923 679 1977 decursus
696 1940 834 1993 aquarum,

158 2000 248 2054 omnia
265 2017 319 2070 quo
337 2002 448 2055 veniant
465 2017 499 2053 ex
517 2001 590 2053 omni
610 2000 719 2054 tinmina
736 2004 821 2069 parte.
977 2017 1012 2056 cro

158 2077 231 2131 adde
249 2094 332 2146 vagos
349 2077 443 2131 imbris
463 2081 697 2146 tempestatesque
715 2077 844 2145 volantes,

158 2154 248 2208 omnia
265 2147 334 2223 quae
350 2155 435 2207 maria
452 2171 483 2206 ac
501 2158 591 2207 terras
610 2159 796 2222 sparguntque
814 2155 961 2222 rigantque
970 2177 977 2220 ;

158 2231 230 2284 adde
248 2248 310 2284 suos
328 2231 425 2294 fontis3
443 2233 534 2283 tamen
552 2229 588 2282 ad
605 2231 687 2282 maris
706 2231 796 2282 omnia
814 2247 947 2283 summam

158 2308 247 2376 guttai
266 2307 311 2360 vix
329 2306 415 2359 instar
433 2308 514 2359 crunt
531 2305 610 2358 unius
628 2305 794 2371 adaugmen;

160 2401 214 2452 quo
227 2385 315 2436 minus
328 2385 372 2436 est
385 2381 483 2434 mirum
496 2396 637 2433 maranen
650 2395 794 2448 augescere
806 2397 941 2448 magnum.
977 2397 1013 2438 us

158 2464 302 2528 praeterea
319 2474 445 2526 magnam
463 2457 503 2510 sol
520 2459 627 2525 partem
647 2455 768 2509 detrahit
788 2461 874 2511 aestu.

159 2536 261 2606 quippe
279 2536 403 2589 videmus
421 2534 492 2587 eninr
510 2533 594 2586 vestis
611 2549 706 2585 umore
723 2532 860 2587 madentis

159 2614 295 2667 exsiccare
314 2613 369 2666 suis
387 2610 471 2664 radiis
489 2609 642 2663 ardentibu'
660 2609 758 2665 solem:

158 2694 187 2744 at
205 2690 301 2760 pelage
319 2689 405 2742 multa
423 2692 452 2742 et
469 2688 525 2741 late
543 2686 681 2740 substrata
698 2687 829 2741 videmus.

157 2766 272 2836 proinde
290 2766 355 2820 lieet
373 2766 497 2834 quamvis
516 2781 549 2818 ex
567 2780 620 2816 uno
640 2781 747 2833 quoque
766 2764 825 2818 loco
843 2764 882 2818 sol
974 2779 1010 2818 ono

158 2843 261 2896 umoris
279 2859 390 2911 parvam
409 2842 512 2895 delibet
529 2841 564 2893 ab
581 2858 698 2909 aequore
715 2843 839 2910 partem;

158 2920 273 2988 largiter
290 2919 318 2972 in
337 2923 414 2972 tanto
436 2919 523 2988 spatio
542 2920 633 2971 tamen
653 2917 761 2971 auferet
778 2918 868 2973 undis.

159 3001 219 3050 turn
238 3013 319 3064 porro
337 2996 411 3049 venti
429 3013 681 3064 quoque-magnam
699 2994 796 3049 tollere
814 2998 921 3065 partem

160 3073 262 3126 umoris
279 3075 394 3142 possunt
411 3076 552 3125 verrentes
569 3089 694 3140 aequora,
712 3072 801 3125 ventis

160 3167 215 3203 uua
234 3154 315 3203 noete
331 3150 388 3203 vias
405 3149 531 3218 quoniam
549 3165 681 3218 persaepe
699 3148 823 3202 videmus
945 3210 948 3215 ,
978 3164 1014 3202 aas

161 3226 257 3280 siccari
275 3226 416 3293 mollisque
436 3225 485 3278 luti
503 3241 677 3278 concrescere
696 3229 807 3279 crustas
