2234 3526
98 134 154 193 172
503 127 551 183 Vl

93 255 224 295 concussu
241 238 295 291 lutc
314 235 471 305 disserpunt
488 235 553 288 inde
571 238 712 287 tremores.

93 318 122 370 et
139 316 245 379 meritc,
264 314 389 382 quoniam
407 312 522 382 plaustri
540 327 669 365 concussa
687 310 856 363 tremescunt

93 395 167 446 tecta
185 393 255 444 viam
273 393 385 458 propter
402 406 456 442 non
474 405 571 456 magno
589 386 710 454 pondere
728 389 796 454 tota,

94 484 143 522 nec
160 468 249 521 minus
268 466 399 530 exultent
418 482 531 532 scrupus
548 465 717 532 quicumque
735 463 787 517 viai
913 473 951 515 mu

93 545 209 598 ferratos
227 544 364 611 utrimque
383 547 505 596 rotarum
524 541 641 594 succutit
659 541 747 594 orbes

78 621 125 690 Ι111
143 636 259 689 quoquc,
277 620 324 672 ubi
340 620 369 672 in
388 636 498 687 magnas
516 623 604 685 aqilae
622 621 768 688 vastasque
785 617 898 670 lucunas

92 696 174 765 gleba
190 700 329 751 vetustate
347 714 362 750 e
381 700 456 750 terra
474 695 644 766 provolvitur
661 695 763 762 ingene,

93 781 125 827 ut
141 773 259 828 iactetur
276 790 362 842 aquae
379 772 465 826 fluctu
482 789 590 842 quoque
607 775 684 825 terra
701 771 845 836 vacillans;

93 852 126 904 nt
143 867 191 904 vas
207 850 352 904 interdum
369 867 422 903 non
440 850 500 918 quit
517 852 651 916 constare,
668 847 720 901 nisi
737 863 815 900 umor
913 858 952 898 ecs

94 925 203 980 destitit
219 928 248 979 in
266 927 349 980 dubio
368 926 453 980 fluctu
470 925 596 978 iactarier
614 924 696 978 intus.

131 1002 278 1057 Praeterea
295 1007 393 1057 ventus
410 1018 472 1055 cum
489 1019 540 1071 per
557 1001 618 1055 loca
636 1000 755 1054 subcava
772 1004 863 1054 terrae

95 1080 223 1134 collectus
240 1083 321 1149 parte
340 1095 374 1132 ex
391 1095 445 1132 una
462 1077 619 1146 procumbit
636 1081 666 1132 et
683 1084 766 1144 urget

21 1202 28 1230 ,Ι
95 1156 210 1210 obnixus
228 1155 333 1224 mugnis
351 1155 494 1225 speluncas
512 1154 615 1208 viribus
633 1155 711 1221 altas,

48 1295 50 1300 ι
95 1231 229 1286 incumbit
245 1232 328 1286 tellus
345 1248 398 1300 quo
415 1231 490 1286 venti
508 1247 593 1299 prona
610 1231 712 1300 premit
728 1230 776 1284 vis.
916 1243 954 1282 tec

72 1360 76 1368 ,
96 1313 155 1362 tum
173 1325 273 1378 supere
290 1312 394 1362 terrem
411 1324 482 1376 quac
501 1311 565 1362 sunt
583 1311 709 1362 extructa
727 1307 869 1360 domorum

96 1385 132 1438 nd
149 1385 307 1454 caelumque
325 1385 410 1454 magis
427 1389 530 1453 quanto
548 1387 613 1438 sunt
631 1384 707 1438 edita
725 1400 856 1452 quaeque,

96 1461 226 1515 inclinata
243 1462 382 1516 minantur
398 1463 426 1514 111
445 1461 560 1514 eandem
577 1460 688 1529 prodita
705 1464 812 1529 partem

96 1542 305 1607 protractaeque
322 1539 416 1592 trebes
433 1538 584 1607 inpendent
600 1537 641 1591 ire
659 1541 778 1606 paratae.

98 1623 127 1670 ct
144 1620 271 1670 metuunt
289 1617 378 1684 magni
396 1619 522 1668 naturam
540 1615 654 1668 credere
671 1613 765 1666 mnndi
916 1625 954 1665 scs

98 1692 207 1747 exitiale
225 1692 336 1761 aliquod
353 1697 462 1760 tempus
481 1689 641 1759 clademque
658 1706 776 1756 manere,

98 1785 159 1822 cum
177 1769 287 1822 videant
304 1772 410 1822 tentam
428 1771 564 1822 terrarum
582 1766 740 1820 incumbere
759 1765 871 1819 molem!

98 1844 240 1914 quodnisi
258 1845 394 1912 respirent
412 1843 495 1908 venti,
512 1844 552 1897 vis
570 1843 644 1897 nulla
661 1843 781 1896 refrenet

98 1935 142 1973 res
159 1935 248 1988 neque
265 1919 300 1972 ab
319 1921 403 1972 exitio
420 1919 507 1987 possit
525 1919 727 1988 reprehendere
744 1917 841 1972 euntis.

98 2011 169 2050 nunc
186 1996 250 2064 quia
267 1996 403 2062 respirant
421 1995 534 2049 alternis
551 1996 636 2064 inque
654 1999 820 2062 gravescunt
919 2009 955 2050 170

99 2075 128 2126 01
145 2073 222 2142 quusi
240 2071 347 2125 collecti
365 2072 483 2126 redeunt
501 2071 659 2140 ceduntque
677 2071 789 2140 repulsi,
844 2129 846 2134 ,

99 2148 205 2218 saepius
223 2148 292 2202 hanc
309 2147 345 2202 ob
362 2164 420 2202 rem
438 2147 580 2201 minitatur
597 2151 673 2202 terra
691 2149 783 2204 ruinas

99 2242 181 2295 quem
198 2225 278 2291 lacit;
296 2225 441 2279 inclinatur
457 2225 530 2278 enim
547 2227 676 2293 retroque
693 2226 801 2279 recellit

99 2309 129 2356 ct
145 2303 242 2370 recipit
259 2302 388 2372 prolapsa
407 2319 469 2355 sues
486 2303 515 2354 in
532 2302 654 2368 pondera
673 2301 761 2356 sedes.

46 2373 48 2378 ’
99 2380 150 2433 bac
167 2379 252 2447 igitur
269 2379 374 2432 ratione
392 2378 519 2433 vacillant
537 2379 627 2431 omnia
644 2380 725 2446 tectu,
917 2392 954 2431 crs

99 2473 204 2509 summa
222 2455 308 2523 magis
325 2456 431 2522 mediis,
449 2455 540 2509 media
557 2455 627 2522 imis,
644 2455 700 2507 ima
716 2453 859 2523 perhilum.

134 2532 185 2586 Est
202 2532 269 2586 haec
287 2533 409 2586 eiusdem
427 2549 536 2602 quoque
553 2531 644 2600 magui
661 2547 743 2584 causa
760 2530 895 2596 tremoris,

100 2613 197 2663 ventus
213 2609 259 2662 ubi
278 2613 361 2678 atque
379 2609 485 2663 animae
503 2609 593 2662 subito
611 2609 651 2661 vis
669 2608 787 2661 maxima
804 2608 939 2676 quaedam

100 2690 147 2740 unt
165 2686 334 2740 extrinsecus
352 2689 400 2739 aut
417 2686 478 2753 ipsa
495 2685 594 2740 tellure
612 2688 705 2738 coorta

100 2765 128 2817 in
146 2764 204 2818 loca
222 2780 251 2816 se
268 2779 334 2816 cava
351 2762 435 2816 terrai
453 2762 568 2815 coniecit
584 2761 678 2830 ibique
915 2775 954 2815 teu

101 2841 241 2909 speluncas
258 2840 330 2893 inter
347 2856 460 2906 magnas
477 2837 571 2892 fremit
588 2842 653 2892 ante
669 2838 789 2892 tumultu

100 2916 324 2984 versabundaquo
342 2919 477 2984 portatur,
495 2919 557 2984 post
575 2915 658 2968 incita
675 2931 737 2968 cum
755 2914 796 2968 vis

102 2993 240 3059 exagitata
257 2993 328 3044 lorus
347 2993 499 3061 erumpitur
516 2995 545 3044 et
563 2992 642 3045 simul
660 2991 742 3044 altam

102 3068 246 3120 diffindens
264 3071 367 3122 terrem
386 3086 513 3136 magnum
532 3071 677 3123 concinnet
694 3069 806 3132 hiatum.

101 3143 129 3194 in
148 3143 225 3209 Syria
242 3143 342 3198 Sidone
360 3145 434 3214 quod
450 3145 549 3199 cecidit
566 3148 596 3199 et
612 3145 666 3198 fuit
683 3145 755 3213 Aegi
917 3159 956 3199 sse

100 3219 129 3273 iu
149 3219 340 3288 Peloponneso,
359 3238 426 3289 quas
444 3222 534 3274 exitus
551 3222 596 3276 lric
614 3221 713 3275 mrimei
