2234 3526
568 159 599 214 V
956 160 1009 218 141

159 262 359 332 quadripedum
377 263 508 317 membris
525 267 554 317 et
572 279 685 333 corpore
704 265 938 334 pennipotentum,

159 341 197 394 sic
215 356 284 393 nova
302 342 361 392 tum
381 339 461 392 tellus
479 340 578 394 herbas
595 340 768 410 virgultaque
784 345 902 412 primum
976 357 1011 399 ιιι

159 417 276 484 sustulit,
295 416 360 470 inde
377 416 429 468 loci
447 417 573 470 mortalia
591 417 681 470 saecla
699 420 801 472 creavit

157 494 245 548 multa
262 493 350 546 modis
368 492 461 546 multis
479 494 554 546 varia
572 495 678 548 ratione
697 499 799 550 coorta.

157 587 221 624 nam
238 587 327 639 neque
346 570 382 623 de
399 570 473 623 eaelo
492 571 622 624 cecidisse
641 571 768 624 animalia
784 576 899 641 possunt

158 665 207 702 nec
224 647 368 702 terrestria
386 647 421 700 de
439 646 516 700 salsis
534 646 624 700 exisse
641 647 752 701 lacunis.

157 725 290 794 linquitur
308 728 341 778 ιιι
357 724 456 777 merito
474 726 628 777 maternum
646 741 743 777 nomen
761 725 863 793 adepta
976 740 1011 781 ιιι

157 805 233 855 terra
251 801 293 869 sit,
312 803 421 854 eterra
439 800 567 869 quoniam
586 803 651 854 sunt
669 805 768 855 cuneta
785 805 883 856 ereata.

157 878 298 946 multaque
315 893 385 930 nunc
403 877 486 930 etiam
505 877 628 931 existunt
646 877 772 932 animalia
790 879 872 932 terris

157 954 290 1007 imbribus
308 957 337 1006 et
355 953 443 1006 calido
462 953 526 1006 solis
544 958 670 1007 concreta
688 971 802 1022 vapore;

157 1048 210 1099 quo
228 1031 317 1083 minus
335 1034 379 1083 est
396 1030 495 1083 mirum
514 1030 536 1082 si
555 1034 615 1083 tum
634 1033 698 1084 sunt
716 1031 795 1098 plura
813 1033 907 1085 coorta

157 1111 186 1161 et
204 1108 312 1174 maiora,
331 1122 401 1159 nova
418 1106 517 1160 tellure
535 1110 619 1176 atque
637 1107 749 1160 aethere
768 1107 869 1161 adulta.
973 1121 1011 1162 seo

156 1185 287 1252 principio
305 1199 392 1250 genus
410 1183 525 1236 alituum
543 1184 689 1252 variaeque
706 1183 828 1237 volucres

157 1277 207 1315 ova
225 1258 417 1328 relinquebant
435 1259 561 1313 exclusae
579 1261 704 1328 tempore
722 1276 814 1327 verno,

156 1334 337 1389 folliculosut
305 1338 426 1388 ιιιιιιιιιο
445 1335 541 1404 teretis
559 1339 664 1388 aestate
683 1335 792 1389 cicadae

156 1411 261 1465 lincunt
249 1413 378 1480 tsponte
396 1427 444 1464 sua
462 1411 563 1464 vietum
581 1413 718 1481 vitamque
737 1416 871 1481 pet-entes.

156 1489 216 1541 tum
234 1487 286 1540 tibi
304 1490 380 1541 terra
398 1487 477 1540 dedit
491 1487 611 1554 'primum
630 1488 756 1540 mortalia
774 1490 866 1542 saecla.
974 1505 1010 1545 ses

156 1563 260 1616 multus
277 1564 350 1616 eninr
368 1563 543 1632 celeratque
561 1581 639 1617 umor
657 1564 805 1632 superabat
823 1567 851 1618 in
869 1567 948 1620 arvis.

156 1638 207 1693 hec
224 1639 272 1692 ubi
291 1657 417 1708 quaeque
434 1639 486 1693 loci
504 1639 580 1706 regio
599 1643 751 1709 opportuna
770 1641 896 1711 dabatur,

156 1715 316 1770 crescebant
335 1717 407 1770 uteri
425 1719 528 1770 terram
546 1716 684 1770 radicibus
702 1716 776 1785 apti;

156 1808 225 1861 quos
241 1792 288 1846 ubi
306 1795 432 1861 tempere
450 1796 557 1846 maturo
575 1794 743 1863 patefecerat
761 1797 853 1848 aestus

154 1868 289 1923 infantum
307 1869 416 1936 fugiens
434 1886 556 1922 umorem
575 1887 708 1938 aurasque
726 1873 875 1938 petessens,
972 1886 1009 1926 sm

155 1945 333 1999 convertebat
350 1944 388 1998 ibi
407 1949 505 1998 natura
524 1946 654 1998 toramine
672 1950 762 1998 terrae

155 2024 185 2074 et
202 2038 297 2076 sucum
315 2022 390 2075 venis
408 2021 523 2089 cogebat
540 2021 656 2075 sundere
674 2022 776 2090 apertis

155 2097 322 2151 consimilem
340 2098 426 2164 lactis,
446 2099 515 2152 sicut
532 2115 604 2152 nuno
622 2099 864 2170 femina-quaeque

155 2189 217 2226 cum
234 2173 350 2242 peperit,
367 2173 440 2227 dulci
458 2175 581 2242 repletur
598 2174 677 2241 lacte,
690 2175 763 2243 quod
781 2176 868 2228 omnis

154 2249 273 2316 impetus
292 2249 319 2301 in
338 2265 469 2302 mammas
487 2249 656 2303 convertitur
673 2249 719 2302 ille
737 2250 865 2304 alimenti.
970 2265 1008 2305 815

155 2328 231 2378 terra
248 2324 338 2378 cibum
356 2325 455 2392 pueris,
473 2329 577 2378 vestem
595 2342 687 2393 vapor,
704 2324 789 2377 herba
807 2325 896 2379 cubile

155 2399 307 2469 praebebat
325 2401 412 2453 multa
429 2404 458 2453 et
476 2399 551 2453 molli
569 2401 694 2467 lanugine
712 2399 858 2454 abundans.

155 2478 185 2529 at
202 2474 308 2528 novitas
326 2475 421 2527 mundi
437 2491 487 2528 neo
505 2474 606 2542 frigora
624 2476 693 2528 dura
710 2475 801 2529 ciebat

155 2568 206 2606 nec
223 2551 320 2604 nimios
339 2555 431 2604 aestus
449 2568 499 2607 nee
518 2551 623 2620 magnis
641 2551 744 2604 viribus
761 2567 848 2605 auras.

156 2627 247 2682 omnia
265 2628 336 2681 enim
354 2627 457 2696 pariter
475 2631 601 2682 crescunt
619 2631 648 2682 et
666 2627 765 2680 robora
782 2631 898 2682 sumunt.
969 2644 1006 2684 san

192 2705 284 2770 Quare
302 2705 384 2758 etiam
402 2709 486 2774 atque
505 2705 588 2758 etiam
606 2707 759 2758 maternum
777 2719 875 2758 nomeu
893 2704 995 2772 adepta

156 2785 232 2836 terra
248 2785 326 2836 tenet
343 2783 449 2850 merito,
467 2782 593 2854 quoniam
611 2797 698 2852 genus
716 2781 774 2850 ipsa
792 2781 895 2836 creavit

156 2857 304 2912 humanum
322 2862 405 2929 atque
423 2859 522 2914 animal
540 2875 625 2930 prope
643 2861 719 2912 certo
737 2859 861 2930 tempore
879 2857 952 2911 fudit

1 2921 2 2978 Ῑ
82 2939 85 2943 ’
156 2951 236 2991 omne
254 2934 327 3004 quod
344 2934 372 2987 in
390 2937 494 3004 magnis
512 2935 660 2989 baechatur
677 2933 808 2988 montibu'
828 2935 935 3006 passim,

156 3011 297 3080 aeriasque
314 3010 393 3064 simul
410 3013 533 3066 volucres
550 3010 711 3065 i'ariantibu'
729 3010 830 3065 formis.
968 3026 1005 3064 aas

157 3088 206 3144 sed
224 3087 288 3216 quia
304 3087 387 3141 finem
405 3088 523 3158 aliquam
541 3087 664 3158 pariendi
683 3085 767 3140 debet
784 3085 893 3155 habere,

157 3163 273 3231 destiit,
291 3163 438 3221 utmulier
456 3166 543 3234 spatio
562 3163 669 3218 delesse
687 3179 719 3215 ve
722 3165 803 3217 t.ust0

156 3243 247 3296 mutat
265 3240 336 3296 eninr
354 3239 448 3296 mundi
465 3243 622 3296 naturamt
609 3239 694 3296 totius
712 3241 787 3294 aetas
