2234 3526
110 132 167 189 130
511 126 541 184 V

107 250 195 301 causa,
214 233 313 287 darent
330 231 386 285 late
403 230 509 284 cladem
527 246 694 300 magnasque
711 230 811 285 ruinas

105 325 155 364 nec
173 309 279 362 ratione
297 307 350 361 alia
368 306 498 360 mortales
516 321 576 360 esse
594 306 726 374 videmur,

106 386 179 439 inter
196 401 246 437 nos
263 384 313 436 nisi
331 383 406 450 quod
424 381 527 436 morbis
544 382 728 448 aegrescimus
744 381 833 435 isdem

106 465 190 528 atque
207 461 247 513 illi
266 475 334 528 quos
352 475 369 512 a
387 458 445 512 vita
460 461 559 512 natura
576 458 700 511 removit.
917 473 955 512 eso

79 603 85 608 ἡ
143 536 289 589 Praeterea
307 550 494 603 quaecumque
512 537 624 588 manent
642 538 754 588 aeterua
771 538 913 600 necessust

107 615 162 678 aut,
181 611 247 680 quia
263 615 328 664 sunt
345 609 432 663 solido
450 626 512 662 eum
531 615 652 677 corpore,
670 626 800 678 respuere
817 612 889 663 ictus

107 703 156 740 nec
173 689 320 755 penetrare
337 686 396 754 pati
413 684 465 738 sibi
483 685 629 754 quicquam
647 685 722 752 quod
739 689 824 755 queat
841 689 916 740 artas
955 750 961 760 ι

106 762 253 816 dissociare
270 761 346 815 intus
362 762 457 828 partis,
474 766 506 814 ut
524 759 650 814 materiai

106 852 220 905 corpora
237 840 301 891 sunt
319 853 434 906 quorum
452 840 579 889 naturam
597 836 768 890 ostendimus
784 839 857 906 ante,
918 852 955 892 sss

49 974 53 982 ¹
106 916 154 967 ant
172 912 352 967 ideo‘durare
369 915 490 966 nemum
507 928 587 980 posse
604 928 655 981 per
672 928 788 980 omnem,

105 988 247 1058 plagarum
265 988 330 1056 quia
348 995 412 1041 sunt
429 988 561 1056 expertia,
580 987 651 1042 siout
668 988 748 1042 inane
765 993 810 1042 est

107 1064 181 1133 quod
198 1068 290 1118 manet
307 1065 440 1118 intactum
457 1079 546 1132 neque
563 1063 599 1117 ab
616 1063 674 1118 ictu
690 1065 814 1132 tingitur
830 1065 925 1135 hilum,

106 1144 155 1194 aut
172 1140 255 1194 etiem
274 1141 338 1207 quia
355 1139 428 1192 nulla
445 1139 498 1192 loci
515 1140 547 1193 lit
565 1140 643 1208 copia
660 1141 769 1208 circum,

61 1211 64 1220 ¹
107 1231 160 1283 quo
178 1216 255 1284 quasi
272 1232 317 1269 res
335 1216 441 1284 possint
459 1215 600 1269 discedere
619 1215 793 1286 dissoluique,
917 1232 956 1274 seo

107 1292 177 1344 sicut
196 1308 362 1345 summarum
381 1307 486 1343 summa
502 1295 546 1345 est
564 1295 677 1345 aeterna
693 1309 783 1361 neque
801 1297 880 1346 extra

107 1367 154 1434 qui
171 1367 246 1421 locus
264 1371 307 1421 est
325 1382 379 1436 qno
397 1366 533 1420 dissiliant
550 1383 639 1435 neque
658 1384 772 1436 corpora
790 1372 854 1422 sunt
866 1385 937 1438 quae

108 1443 214 1512 possint
231 1442 350 1496 incidere
368 1446 398 1496 et
415 1441 506 1496 valida
524 1443 672 1497 dissolvere
689 1444 775 1513 plaga.

107 1523 136 1573 at
154 1537 251 1588 neque,
274 1520 315 1574 uti
333 1519 419 1586 docui,
438 1518 525 1572 solido
541 1535 604 1572 cum
622 1536 735 1588 corpore
753 1520 847 1573 mundi

106 1599 237 1663 naturast,
256 1596 382 1664 quoniam
399 1595 579 1649 admixtumst
596 1595 624 1648 in
642 1595 724 1649 rebus
742 1596 829 1662 inane,
917 1611 954 1650 sas

107 1687 157 1725 neo
174 1675 267 1724 mmen
286 1674 329 1724 est
346 1673 379 1724 ut
396 1671 482 1735 inane,
500 1687 588 1738 neque
606 1675 697 1726 autem
715 1688 829 1740 corpora
846 1670 953 1740 desunt,

107 1763 141 1801 ex
159 1747 265 1800 infinito
284 1763 353 1816 qnae
371 1747 476 1815 possint
493 1746 564 1800 sorte
581 1750 673 1800 coorta

105 1839 233 1877 corruere
250 1823 321 1876 hanc
337 1838 428 1875 rerum
446 1822 566 1876 violento
583 1822 693 1876 turbine
711 1837 843 1876 summam

105 1902 154 1952 ant
170 1898 251 1951 aliam
270 1898 393 1965 quamvis
411 1898 518 1952 cladem
534 1898 675 1967 inportare
693 1897 795 1966 pericli,

106 1990 155 2028 nec
172 1989 254 2043 porro
272 1977 370 2027 natura
386 1972 439 2026 loci
458 1973 634 2042 spatiumque
652 1973 787 2043 profundi·
916 1988 953 2029 ³70

20 2114 22 2118 Ι
105 2049 205 2113 deficit
223 2050 350 2119 exspargi
369 2065 423 2117 quo
440 2050 547 2118 possint
563 2051 671 2104 moenia
688 2051 790 2118 mundi,

105 2129 153 2179 aut
170 2125 223 2178 alia
239 2124 334 2194 quavis
351 2129 466 2194 possunt
483 2125 510 2180 vi
528 2125 607 2195 pulsa
625 2126 722 2196 perire.

105 2197 173 2254 haut
189 2201 275 2268 igitur
293 2200 342 2254 leti
361 2201 505 2270 praeclusa
522 2205 565 2255 est
583 2201 664 2255 ianua
681 2202 756 2256 caelo

105 2293 156 2332 nec
174 2276 223 2329 soli
241 2279 386 2344 terraeque
405 2294 494 2346 neque
512 2278 575 2332 altis
593 2278 719 2347 aequoris
737 2278 825 2346 undis,

106 2353 155 2408 sed
174 2355 251 2420 patet
269 2353 382 2406 immani
398 2357 428 2408 et
446 2357 523 2406 vasto
541 2357 679 2422 respectat
697 2353 781 2408 hiatu.
917 2368 954 2410 ers

106 2445 191 2497 quare
208 2428 291 2482 etiam
309 2430 401 2483 nativa
418 2433 588 2483 necessumst
607 2429 752 2484 confiteare

105 2504 173 2558 haec
191 2504 302 2569 eadem;
320 2521 410 2574 neque
428 2505 508 2572 enim,
526 2506 636 2559 mortali
653 2522 767 2576 corpore
786 2522 856 2574 quae
874 2510 946 2573 sunt,

105 2589 141 2633 ex
157 2579 263 2634 infinito
280 2581 334 2633 iam
351 2583 476 2650 tempore
494 2581 582 2634 adhuc
600 2582 753 2650 potuissent

103 2656 218 2710 inmensi
235 2655 339 2710 validas
356 2657 415 2711 aevi
434 2660 609 2711 contemnere
628 2658 707 2711 vires.

140 2732 266 2801 Denique
277 2736 422 2801 tantopere
434 2733 506 2786 inter
519 2749 549 2786 se
561 2750 622 2786 cum
634 2732 753 2786 maxima
764 2733 859 2785 mundi
918 2747 955 2786 aso

104 2811 228 2877 pugnent
246 2808 375 2873 membra,
393 2808 439 2876 pio
456 2824 627 2876 nequaquam
643 2809 749 2862 concita
766 2808 845 2872 bello,

104 2900 194 2938 nonne
212 2883 288 2937 vidcs
306 2883 424 2952 aliquam
443 2883 517 2951 longi
535 2885 689 2938 certaminis
707 2883 768 2937 ollis

104 2975 185 3028 posse
202 2959 262 3013 dari
279 2959 379 3013 fineml
397 2959 440 3013 vel
458 2975 520 3012 cum
538 2959 577 3012 sol
595 2964 625 3014 et
642 2976 726 3029 vapor
743 2959 832 3013 omnis

105 3029 237 3088 omnibus¹
249 3036 337 3105 epotis
355 3035 495 3090 umoribus
513 3037 716 3103 exsuperarint:

106 3109 179 3178 quod
186 3109 276 3162 faeere
283 3111 437 3178 intendunt,
445 3126 536 3179 neque
543 3110 632 3165 adhuc
639 3114 735 3165 conata
741 3114 900 3180 patrantur:
916 3126 954 3167 355

104 3187 212 3240 tautum
231 3184 410 3254 suppeditant
426 3201 520 3240 amnes
537 3185 664 3256 intraque
681 3187 819 3240 minentur
