2252 3530
562 103 636 160 ΙΙΙΙ
984 113 1023 170 95

163 212 308 280 praetcrea
327 208 445 277 lapidem
464 207 551 276 digito
570 225 631 261 cum
649 207 798 278 tundimus,
816 211 906 280 ipsum
988 230 1025 268 aaa

163 286 303 354 tangimus
321 291 475 339 extremum
494 284 552 338 saxi
570 301 759 353 summumque
777 287 904 357 colorem,

163 379 214 416 nec
232 362 364 416 sentimus
382 379 444 416 eum
462 364 548 427 tactu,
565 377 661 414 renim
678 362 765 430 magis
783 363 871 432 ipsam

164 439 295 493 duritiem
313 439 423 508 penitus
442 438 501 492 sasi
518 438 650 490 sentimus
668 437 696 490 in
715 439 779 493 alto.

199 516 225 568 N
227 532 278 569 une
297 532 355 583 age,
374 532 424 569 eur
440 515 514 568 ultra
531 513 672 582 speculum
691 514 819 569 videatur
836 517 926 587 imago

162 592 288 661 percipo;
306 609 368 645 nam
387 595 463 645 certe
480 591 590 660 penitus
608 594 713 643 semota
730 591 847 646 videtur.
987 609 1022 650 am

163 669 237 737 quod
255 686 341 736 genus
359 668 490 722 illatoris
508 683 578 736 quae
596 683 660 720 vere
678 669 902 736 transpieiuntur‚

114 747 117 753 '
162 745 243 799 ianua
260 762 323 798 cum
341 762 392 814 per
410 761 439 798 se
457 746 644 813 transpectum
661 743 777 811 praebet
795 749 930 815 apertum,

163 821 250 875 multa
268 821 388 890 facitque
406 821 472 874 ioris
491 836 525 874 ex
544 819 658 872 aedibus
676 823 708 872 ut
726 820 880 875 videantur.

162 897 187 950 is
205 914 312 965 quoque
331 898 403 950 mim
422 896 523 965 duplici
541 895 703 964 geminoque
721 897 754 949 fit
771 914 835 952 acre
854 898 934 952 visus.

162 973 266 1042 primus
284 974 357 1028 enim
375 974 445 1028 citra
463 976 556 1043 postes
575 979 634 1026 tum
653 974 773 1027 cernitur
790 991 846 1042 aer,
985 989 1021 1030 27⁵

162 1049 227 1103 inde
244 1050 317 1104 fores
336 1049 412 1118 ipsae
430 1050 529 1104 dextra
547 1049 679 1118 laevaque
698 1055 834 1116 secuntur,

162 1128 226 1194 pest
243 1126 364 1179 extraria
381 1125 429 1178 lun·
447 1126 538 1179 oculos
556 1129 698 1194 perterget
716 1130 746 1180 et
764 1143 812 1180 aer

162 1202 233 1255 alter
250 1202 343 1256 stilla
360 1201 427 1255 foris
445 1219 516 1272 quac
534 1218 598 1255 vere
616 1202 797 1271 transpiciunt
831 1245 837 1256 .

161 1278 265 1332 sicubi
283 1295 312 1332 se
331 1279 448 1347 primunr
467 1278 569 1347 speculi
586 1278 702 1347 proiecit
720 1279 817 1347 imago,

161 1355 227 1408 dum
245 1356 320 1408 venit
339 1355 375 1408 ad
392 1359 499 1409 nostras
517 1355 595 1421 acies,
613 1354 753 1421 protrudit
771 1356 882 1424 agitque
983 1371 1020 1411 aoo

161 1448 226 1485 acra
244 1430 291 1500 qui
308 1431 381 1484 inter
398 1447 428 1484 se
445 1434 590 1498 cumquest
607 1429 753 1498 oculosque
771 1430 884 1498 locatus,

162 1508 274 1562 etfacit
292 1511 324 1561 ut
342 1507 418 1577 prius
435 1507 507 1560 hunc
525 1523 634 1561 omnem
653 1506 756 1560 sentiro
774 1523 904 1575 queamus

163 1583 1018 1653 quamspeculum.sedubispeculumquoquescnsimusipsum,

162 1662 290 1715 continuo
308 1678 324 1715 a
342 1661 419 1714 nobis
437 1661 465 1713 in
483 1661 559 1714 idem
577 1677 647 1728 quae
665 1659 753 1712 fertur
771 1660 861 1728 image

155 1739 287 1808 pervenit
304 1742 334 1792 et
352 1741 459 1791 nostros
476 1737 567 1790 oculos
585 1737 687 1790 reiecta
705 1736 800 1790 revisit
926 1775 927 1778 η
982 1751 1026 1788 aas·

162 1820 246 1884 atque
263 1815 345 1868 alium
363 1831 428 1883 prae
447 1831 476 1867 se
494 1814 648 1882 propellens
666 1829 730 1866 aera
749 1813 833 1867 volvit

162 1892 274 1946 etfacit
292 1898 323 1945 ut
341 1892 417 1961 prius
434 1891 506 1945 hunc
524 1908 607 1960 quam
626 1907 655 1943 se
673 1890 822 1958 videamus,
840 1907 928 1960 eoque

76 2003 78 2006 -
162 1969 265 2022 distare
283 1969 318 2023 ab
337 1969 445 2037 speculo
463 1970 571 2021 tantum
589 1971 695 2020 seurota
712 1967 828 2021 videtur.

161 2062 246 2114 quare
264 2046 347 2099 etiam
364 2050 448 2113 atque
467 2045 550 2098 etiam
569 2044 680 2097 minime
698 2043 822 2097 mirarier
840 2046 884 2096 est
901 2059 958 2111 par,

160 2122 215 2175 illic
234 2139 303 2190 quor
320 2121 439 2175 reddant
457 2120 628 2190 speculorum
647 2136 681 2172 ex
699 2136 817 2189 aequore
836 2120 931 2186 risum,
981 2133 1017 2172 aso

161 2197 270 2252 acribus
287 2197 358 2251 binis
376 2197 503 2267 quoniam
522 2214 566 2250 res
584 2196 667 2249 confit
685 2200 809 2264 utraque.

160 2292 231 2328 nune
249 2291 367 2342 eaquae
385 2273 464 2326 nobis
482 2272 666 2325 membrorum
684 2271 798 2324 dextera
815 2288 879 2340 pars
897 2275 947 2339 cst,

159 2353 187 2404 in
206 2351 322 2420 speculis
339 2351 371 2404 lit
389 2355 420 2403 ut
438 2350 466 2402 in
483 2349 560 2402 laeva
577 2347 703 2401 videatur
720 2363 752 2400 eo
770 2347 843 2415 quod

160 2428 301 2497 planitiem
318 2427 355 2480 ad
373 2425 475 2496 speculi
491 2425 602 2478 veniens
619 2439 680 2476 cum
698 2423 812 2475 offendit
830 2423 926 2490 imago,

160 2523 213 2558 nen
232 2504 402 2558 convertitur
419 2500 566 2564 incolumis,
585 2499 633 2553 scd
652 2501 728 2552 recta
745 2501 896 2551 retrorsum
981 2511 1016 2550 aas

161 2582 198 2635 sic
217 2580 336 2647 eliditur,
354 2585 386 2633 ut
404 2572 497 2646 siquis,
516 2577 593 2646 prius
611 2575 688 2628 arida
707 2591 788 2643 quam
807 2573 843 2626 sit

161 2664 252 2712 cretea
270 2673 394 2726 persona,
413 2653 518 2708 adlidat
535 2652 641 2722 pilaeve
659 2652 772 2716 trabivc‚

161 2739 244 2802 atque
263 2751 295 2786 ca
313 2733 440 2786 continue
458 2735 562 2784 rectam
581 2729 604 2781 si
621 2729 710 2782 fronte
728 2727 844 2794 figuram

116 2836 149 2869 sn
162 2813 253 2864 servet
271 2813 300 2862 et
318 2809 412 2862 elisam
429 2812 504 2861 rctro
525 2822 584 2859 sese
603 2804 738 2873 exprimat
757 2803 822 2871 ipsa.

162 2885 211 2940 fiet
227 2887 275 2951 ita,
294 2889 358 2940 ante
376 2884 469 2938 oculus
484 2883 569 2936 fucrit
588 2881 635 2948 qui
653 2880 760 2946 dexter,
779 2882 809 2932 ut
828 2877 901 2930 idem
978 2889 1014 2929 eoo

115 2985 147 3017 aa
162 2979 233 3016 nune
251 2963 287 3016 sit
305 2961 405 3028 lacius,
424 2964 453 3014 et
471 2977 486 3013 e
505 2959 581 3011 laevo
600 2957 637 3010 sit
654 2961 749 3008 mutua
767 2954 871 3007 dexter.

162 3039 195 3093 lit
206 3055 315 3107 quoque
328 3037 363 3091 de
376 3035 485 3107 speculo
497 3035 525 3088 in
538 3034 679 3104 speculum
692 3035 724 3086 ut
736 3030 863 3086 tradatur
874 3030 972 3097 imago,

162 3116 282 3183 quinque
300 3114 383 3168 etiam
402 3128 481 3166 saxee
498 3117 530 3164 ut
547 3111 607 3164 liem'
626 3109 769 3162 simulacra
787 3105 898 3160 suerint.

162 3208 225 3244 nam
244 3205 431 3260 quaecumque
449 3191 524 3241 retro
541 3191 621 3256 parte
639 3184 769 3237 interiore
787 3182 920 3249 latebunt,
