2244 3532
557 127 592 182 ll

151 230 286 284 sufficiunt
304 229 381 284 nobis
399 242 428 284 ct
446 230 592 297 splendida
608 230 710 283 lumina
728 231 796 283 solis.

150 307 290 374 multaque
308 310 452 376 praetcrea
469 324 596 374 inagnum
614 307 760 374 perinane
778 310 918 374 vagantur,

150 383 269 437 conciliis
287 400 378 436 rerum
397 401 466 452 quae
484 387 548 436 sunt
565 383 667 436 reiecta
684 401 733 436 nec
751 399 864 451 usquam
969 397 1004 434 110

150 459 302 512 consociare
321 459 404 512 etiam
422 462 511 513 motus
530 463 645 527 potuere
662 463 779 528 recepta

150 535 232 603 cuius,
251 535 292 587 uti
310 552 437 601 memoro,
457 535 496 589 rei
515 535 687 588 simulacrum
706 539 734 589 ct
752 536 840 603 imago

149 614 214 664 ante
232 612 322 664 oculos
341 627 448 680 semper
466 611 543 663 nobis
561 615 687 664 versatur
704 615 733 664 et
749 611 843 666 instat.
874 633 1006 720 W
1055 625 1068 644 ⁰

149 689 347 756 contemplator
365 690 443 755 eninr,
462 705 523 741 oum
542 687 605 740 solis
624 686 725 740 lumina
742 703 859 755 cumque
877 707 962 792 ,t
1026 663 1074 725 Β*

5 805 55 850 3
147 764 244 818 inserti
262 765 380 818 tundunt
398 764 466 817 radii
485 781 535 832 per
553 779 637 831 opaca
656 762 810 816 domorum:
855 799 858 809 .
969 777 990 814 11

148 841 235 894 multa
252 840 574 914 minutafflmulffl
593 856 642 908 per
660 839 740 892 inane
758 839 864 893 videbis
877 777 1098 919 Q„

148 934 261 986 corpora
278 917 386 971 misceri
405 916 543 968 radiorum
561 915 662 969 lumine
680 916 708 968 in
726 916 784 984 ipso

148 997 177 1047 et
195 993 269 1046 velut
286 998 398 1048 aeterno
417 992 566 1046 certamine
583 991 687 1059 proelia
703 1007 808 1060 pugnas
1071 1023 1107 1045 ς

9 1046 231 1206 hnfledere
247 1069 541 1142 turmmmcertantia
558 1084 609 1121 nec
625 1068 692 1121 dare
709 1083 829 1135 pausam,

148 1146 265 1199 conciliis
284 1149 312 1199 et
331 1145 450 1198 discidiis
469 1144 589 1196 exercita
607 1142 725 1208 crebris;
966 1156 1003 1194 rao

148 1223 270 1275 conicere
288 1225 319 1274 ut
337 1221 424 1288 pissis
442 1237 475 1272 cx
492 1221 550 1286 hoc,
568 1220 716 1287 primordia
733 1235 824 1272 rerum

149 1297 228 1365 quale
245 1298 281 1350 sit
298 1297 325 1348 in
344 1313 441 1363 magno
459 1297 552 1349 iactari
571 1311 679 1363 semper
695 1296 774 1349 inani.

149 1373 292 1426 dumtaxat
310 1388 401 1426 rerum
419 1388 578 1439 magnarum
596 1387 679 1437 parva
696 1374 788 1438 potest
806 1387 850 1423 ros

149 1449 303 1516 exemplare
322 1447 387 1500 darc
406 1451 434 1500 et
452 1447 566 1514 vestigia
583 1446 698 1499 notitiai.

148 1524 198 1578 hoe
211 1525 293 1577 etiam
306 1523 392 1591 magis
405 1523 472 1576 haec
483 1523 602 1576 animum
616 1525 645 1575 ts
657 1521 801 1575 advertere
813 1539 863 1590 par
876 1525 919 1575 cst
965 1536 1001 1574 111

147 1617 261 1668 corpora
278 1616 348 1668 quac
366 1599 393 1650 in
412 1599 475 1651 solis
493 1598 576 1651 radiis
594 1596 707 1651 turbare
727 1599 861 1662 videntur,

147 1676 222 1744 quod
239 1676 308 1728 tales
326 1675 423 1728 turbae
440 1677 530 1728 motus
549 1691 657 1742 quoque
674 1675 799 1727 rrrateriai

146 1753 299 1820 significant
316 1751 498 1804 clandestinos
517 1766 664 1818 caecosque
683 1751 807 1804 subesse..

147 1828 233 1882 multa
251 1827 355 1881 videbis
373 1826 445 1880 enim
463 1827 549 1895 plagis
567 1826 606 1880 ibi
625 1827 729 1895 percita
745 1829 832 1880 caecis

147 1908 314 1958 commutare
333 1903 403 1956 viam
421 1907 549 1970 retroque
568 1903 676 1972 repulsa
693 1904 795 1957 reverti
963 1917 1000 1956 rso

146 1997 216 2034 nunc
233 1981 286 2033 huc
302 1995 374 2032 nunc
391 1980 454 2033 illuc
471 1979 499 2032 in
518 1983 628 2032 cunctas
646 1979 765 2048 undique
782 1979 875 2047 partis

147 2057 248 2110 scilicet
265 2055 307 2109 hic
324 2072 341 2108 c
358 2055 495 2123 principiis
513 2059 556 2108 est
574 2055 698 2108 omnibus
715 2073 797 2109 error.

146 2132 234 2201 prima
250 2135 394 2185 moventur
412 2131 484 2185 enim
501 2149 551 2200 pcr
569 2148 598 2184 sc
615 2132 764 2200 primordia
782 2149 888 2195 rerum3

145 2208 210 2262 inde
227 2224 260 2261 ea
277 2224 347 2276 quac
363 2224 447 2276 parvo
465 2211 529 2260 sunt
546 2223 659 2274 corpora
676 2208 817 2261 conciliatu

147 2287 175 2338 et
192 2283 269 2354 quasi
286 2283 409 2350 proxima
426 2285 490 2335 sunt
507 2283 543 2335 ad
560 2283 625 2334 viris
643 2283 843 2351 principiorum,
963 2295 999 2336 1³5

146 2359 246 2414 ictibus
263 2359 370 2412 illorum
388 2359 475 2410 caecis
492 2357 598 2424 inpulsa
616 2358 728 2424 cientur,

146 2437 258 2504 ipsaque
276 2450 345 2500 quoe
362 2449 443 2501 porro
461 2433 541 2501 paulo
560 2433 661 2485 maiora
679 2433 821 2486 lacessunt

147 2512 185 2565 sic
203 2528 219 2562 a
236 2509 374 2578 principiis
392 2509 516 2563 ascendit
534 2513 623 2562 motus
642 2509 745 2562 etexit

147 2587 277 2656 paulatim
295 2588 403 2638 nostros
421 2585 456 2638 ad
475 2601 576 2650 sensae,
595 2588 626 2638 ut
644 2587 804 2637 moveantur

146 2663 193 2716 illa
210 2677 325 2730 quoque,
342 2661 370 2713 in
389 2661 451 2714 solis
470 2677 539 2730 quse
556 2661 657 2714 lumine
674 2676 786 2714 cernere
804 2661 910 2727 quimus
963 2675 999 2716 141

147 2755 197 2792 nec
215 2737 314 2806 quibus
330 2736 360 2790 id
377 2736 478 2790 faciant
495 2736 584 2805 plagis
601 2740 716 2808 apparet
733 2741 837 2806 aperte.

182 2814 261 2867 Nunc
280 2829 349 2882 quae
366 2812 501 2866 mobilitas
520 2814 556 2866 sit
574 2813 684 2868 reddita
701 2812 826 2866 materiai

147 2889 312 2958 corporibus,
331 2890 424 2959 paucis
441 2889 505 2942 licet
522 2889 583 2942 hinc
601 2906 771 2958 cognoscere,
789 2888 909 2943 Memmi.

147 2967 264 3036 primum
283 2982 379 3018 aurora
395 2982 464 3018 novo
483 2983 545 3019 cum
563 2967 667 3035 spargit
685 2966 785 3022 lumine
802 2968 891 3018 terras

111 3075 132 3123 χ
147 3046 177 3096 et
193 3043 283 3095 variae
301 3042 424 3094 volucres
441 3058 551 3094 nemora
569 3043 629 3096 avia
646 3041 841 3112 pervolitantes
964 3056 999 3096 115

123 3138 129 3175 1
147 3134 211 3172 aera
228 3135 278 3187 per
295 3121 420 3172 tenerum
438 3116 547 3185 liquidis
565 3117 623 3172 loca
641 3118 750 3172 vocibus
769 3117 888 3186 opplent,

94 3197 228 3320 'ponam
246 3193 337 3248 subito
355 3193 441 3248 soleat
459 3193 498 3248 sol
517 3197 593 3249 ortus
610 3199 734 3266 tompore
752 3193 801 3250 tali

85 3388 96 3411 Χ
