2252 3530
975 126 1007 183 67

979 208 998 230 κ

163 224 288 278 omnibus
307 227 349 277 est
367 241 450 276 uuum
467 225 619 292 perfectum
637 230 757 295 corporis
775 244 899 296 augrnen.

162 302 201 355 sie
219 302 291 355 calor
310 304 393 369 atque
412 317 459 353 aer
478 304 506 354 et
525 303 599 354 venti
617 319 696 355 caeca
713 301 836 371 potestas

162 379 248 431 mixta
266 381 360 431 creant
379 393 460 430 unam
478 381 603 430 naturam
623 384 651 432 et
669 378 775 432 mobilis
793 380 839 433 ille
863 387 885 410 '¹

162 455 210 520 vis,
230 455 248 506 ir
261 454 328 507 'tum
346 457 437 506 motus
454 452 489 505 ab
508 470 537 506 se
556 471 625 522 quae
644 455 742 510 dividit
760 456 828 521 ollis,
854 395 1087 580 Q

164 531 277 584 sensifcr
296 513 368 582 unde
387 529 474 582 oritur
492 530 609 598 primum
628 548 678 599 per
696 532 799 585 viscera
816 537 906 586 motus

163 624 226 661 nam
244 607 352 675 penitus
370 622 494 673 prorsum
513 605 582 660 latet
600 607 666 660 haec
685 612 783 661 natura
800 607 948 677 subestque
1033 635 1046 656 ,ι

162 700 212 737 ricc
229 683 316 750 magis
333 682 383 735 hae
401 682 471 734 infra
490 683 634 750 quicquam
653 688 695 737 ost
713 685 741 736 in
759 701 872 754 corporo
891 688 983 739 nostro
1039 691 1049 718 ⁹

163 763 246 829 atque
264 760 353 812 anima
371 762 414 812 est
432 759 537 811 animae
555 775 687 828 proporro
706 761 790 813 totius
808 761 874 830 ipsa,
978 770 1013 810 27³
1037 805 1043 824 ,

162 836 236 904 quod
253 852 339 903 genus
356 835 384 887 in
402 836 502 887 nostris
520 835 650 888 membris
668 844 697 890 et
715 853 828 906 corpore
846 841 907 892 toto
1105 835 1107 840 ’

162 913 248 965 mixta
265 912 353 965 latens
371 911 453 964 animi
473 911 513 964 vis
531 915 574 964 est
592 913 752 980 animaeque
770 918 899 981 potestas,

161 987 319 1056 corporibus
337 988 401 1056 quia
419 988 454 1040 de
472 988 563 1054 parvis
581 989 729 1056 paucisque
748 994 876 1046 creatast.

161 1065 198 1117 sic
216 1065 265 1117 tibi
283 1063 399 1116 nominis
418 1063 486 1116 haee
504 1080 602 1132 expers
620 1065 659 1117 uis
677 1065 750 1118 faeta
767 1067 880 1120 minutis

161 1140 319 1208 corporibus
337 1140 405 1192 latet
423 1144 507 1207 atque
526 1141 630 1194 animae
649 1143 725 1209 quasi
745 1144 830 1196 totius
848 1146 907 1212 ipsa
980 1161 1015 1200 aec

161 1221 320 1285 proporrost
338 1217 427 1268 anima
445 1220 474 1268 et
493 1215 648 1268 dominatur
665 1235 778 1285 corpore
795 1223 861 1272 toto.

148 1292 295 1355 mnndi
312 1292 418 1344 ratione
436 1295 574 1344 necessest
592 1297 689 1344 ventus
708 1297 736 1346 et
755 1310 801 1346 aer

162 1371 191 1421 ct
209 1367 283 1420 calor
300 1361 372 1420 inter
391 1384 420 1420 se
438 1368 548 1434 vigeant
566 1367 713 1421 commixta
730 1387 780 1438 per
797 1375 874 1425 artus

160 1443 250 1512 adque
267 1444 328 1496 aliis
347 1443 421 1496 aliud
439 1443 527 1497 subsit
546 1443 631 1511 magis
651 1445 822 1514 emineatque

159 1523 191 1574 ut
210 1519 342 1589 quiddam
361 1521 419 1573 fieri
439 1519 565 1572 videatur
582 1519 617 1572 ab
636 1521 760 1574 omnibus
778 1539 869 1586 unum,
974 1539 1012 1578 ras

159 1597 187 1649 ni
206 1597 279 1649 calor
297 1614 328 1649 ac
346 1601 443 1650 ventus
462 1613 584 1650 seorsum
604 1613 780 1666 seorsumque
797 1602 920 1666 potestas

159 1673 229 1726 acris
248 1673 414 1727 interemant
432 1689 540 1726 sensum
559 1673 727 1741 diductaque
746 1674 858 1728 solvant.

159 1754 202 1802 est
221 1749 320 1802 etenim
340 1749 413 1802 calor
431 1749 477 1802 illo
495 1749 591 1816 animo,
611 1767 693 1817 quem
712 1751 800 1812 sumit
819 1751 846 1802 in
865 1750 906 1804 ira

159 1842 220 1878 cum
238 1826 366 1879 fervescit
385 1829 413 1879 et
432 1843 466 1879 ex
484 1826 567 1880 oculis
586 1827 669 1879 micat
687 1826 794 1880 aeribus
812 1827 902 1880 ardor.

159 1907 201 1955 est
220 1905 248 1955 et
266 1902 367 1970 frigida
386 1902 472 1955 multa
490 1919 580 1956 cemes
599 1902 752 1956 formidinis
770 1919 836 1956 aura
976 1918 1011 1956 zm

158 1995 227 2046 quae
246 1978 300 2033 ciet
319 1977 458 2031 horrorem
477 1979 606 2032 membris
625 1983 654 2033 et
672 1979 789 2033 concitat
808 1984 891 2032 artus.

157 2058 200 2108 est
219 2054 301 2107 etiam
321 2071 429 2122 quoque
448 2056 536 2122 pacati
556 2060 644 2108 status
661 2055 733 2108 aeris
751 2054 805 2122 ille,

156 2134 267 2199 pectore
285 2130 432 2197 tranquillo
451 2132 497 2198 qui
515 2131 547 2184 fit
565 2131 695 2198 voltuque
713 2147 817 2185 serene.

157 2206 206 2259 sed
224 2206 304 2260 calidi
322 2206 383 2274 plns
402 2210 445 2260 est
463 2206 515 2258 illis
534 2207 633 2275 quibus
651 2209 723 2261 acria
741 2207 823 2261 eorda

156 2282 342 2350 iracundaque
361 2299 437 2334 mens
455 2282 532 2334 facile
552 2283 703 2337 effervescit
721 2285 748 2335 in
766 2284 814 2335 ira
977 2298 1014 2337 rot

158 2375 212 2426 quo
230 2374 332 2425 genere
351 2358 377 2410 in
396 2357 492 2425 primis
510 2358 550 2408 ris
568 2361 611 2409 est
630 2359 747 2411 violenta
765 2359 882 2425 leonum,

157 2437 271 2502 pectora
289 2435 336 2501 qui
352 2434 464 2485 fremitu
483 2436 612 2500 rumpunt
630 2434 790 2502 plerumque
807 2439 950 2501 gementes

157 2526 208 2562 nec
228 2526 324 2578 capere
343 2510 445 2562 irarum
464 2509 562 2562 fluetus
580 2510 607 2560 in
626 2514 736 2578 pectore
753 2514 875 2578 possunt.

158 2589 188 2640 at
206 2590 319 2638 ventosa
337 2585 423 2654 magis
441 2603 583 2640 cervorum
600 2586 702 2653 frigida
719 2604 796 2640 mens
813 2590 857 2640 est

158 2665 187 2716 et
205 2661 310 2728 gelidas
329 2662 409 2715 citius
427 2663 598 2731 perviscera
617 2663 734 2716 concitat
752 2680 831 2715 uiuus
973 2677 1010 2716 uu

159 2754 229 2806 quae
248 2739 394 2790 tremulum
413 2739 515 2791 faciunt
532 2736 662 2792 membris
681 2741 798 2793 existere
817 2742 928 2791 motum.

158 2818 188 2868 at
207 2818 306 2868 natura
326 2814 408 2867 boum
426 2815 532 2883 placido
550 2817 637 2884 magis
655 2833 718 2870 aere
737 2817 810 2881 vivit,

155 2907 205 2944 nee
224 2887 304 2944 nimis
324 2892 374 2945 irai
393 2893 438 2945 fax
455 2909 585 2961 umquam
604 2893 715 2946 subdita
732 2892 821 2960 percit

155 2966 269 3034 fumida,
291 2968 449 3023 suffundens
466 2987 563 3052 paeeae
582 2970 703 3037 caliginis
721 2969 825 3033 umbro,

159 3060 210 3098 nee
228 3044 326 3112 gelidis
345 3048 438 3112 torpet
456 3046 519 3099 telis
537 3047 643 3115 perfixa
660 3047 783 3114 pavoris:
976 3060 1012 3098 sos

159 3119 233 3174 inter
251 3124 383 3190 utrosque
401 3123 489 3189 sitast,
507 3139 601 3177 cervos
619 3139 769 3191 saevosque
787 3121 886 3176 leones.

160 3196 198 3249 sic
216 3196 353 3250 hominum
372 3215 458 3266 genus
476 3202 526 3254 est.
546 3198 670 3268 quamvis
689 3199 814 3252 doctrina
830 3198 930 3266 politos
