2244 3532
476 95 552 150 xxxii

142 243 208 293 1230
243 237 321 292 uncis
332 235 444 290 inclusit
456 234 654 289 Lachmannus.
889 295 890 298 Ἴ

143 331 210 396 1244
244 325 402 393 quadratus,
414 322 480 376 Itali
489 325 518 376 et
528 323 666 375 corrector
675 320 784 389 oblongi
793 321 944 378 rectissime

90 428 172 468 esunt
184 428 320 480 susurru,
332 415 364 465 ut
377 427 388 464 1
401 417 458 465 489.
480 408 670 463 Lachmunnus
682 425 744 462 cum
758 409 814 462 solo
827 409 943 477 oblongo

90 501 161 554 coelo
174 498 276 554 scribit.
289 499 392 568 ‘neque
409 491 479 550 disis
496 496 561 549 alibi
579 496 722 550 Lucretius
734 497 850 562 selenen
867 497 944 562 eecli,

91 584 140 638 sed
148 585 266 652 plepem
278 584 347 637 caeli
363 599 444 652 supra
458 581 538 635 1095’.
574 581 717 634 mirificum
735 585 941 649 argumentum!

90 670 194 724 scilicet
217 670 280 723 libri
303 669 346 723 bis
366 668 470 723 habent
485 669 602 734 selenen
623 669 712 724 caeli:
737 685 803 738 crgo
823 673 944 737 peccant.

90 770 146 823 cur,
158 755 277 822 quaeso?
313 753 378 823 quia
390 753 473 808 semel
482 754 601 822 plepem
612 753 682 808 eecli
694 753 804 808 habent.

144 843 210 898 1267
246 858 297 910 pro
309 857 437 895 nomsuu
448 856 559 895 invius
571 855 605 895 so
617 855 731 895 nunnus
745 856 831 896 ursus
847 842 944 910 scripsi

90 940 153 978 cum
170 924 213 978 ed.
226 924 299 979 lunt.
312 926 408 980 dotem
423 931 449 979 et
465 924 537 979 leuia
553 925 654 978 redere
670 925 759 993 tique.
794 925 945 979 Lachman-

91 1024 142 1061 nus
163 1009 243 1062 domo
263 1009 354 1064 levare
372 1027 405 1064 ec
421 1027 445 1064 r.
463 1016 480 1062 t.
497 1009 547 1064 scd
564 1009 660 1064 dolere
675 1017 700 1063 et
720 1013 796 1064 certe
812 1027 866 1064 non
885 1011 944 1065 tolli

92 1090 196 1146 debuit.

147 1184 317 1235 1344-1346
353 1181 507 1236 rectissime
535 1179 723 1234 Lachmannus
746 1183 887 1250 tamquam
910 1182 945 1236 ab

92 1264 290 1334 interpolatore
309 1266 395 1320 iactos
415 1265 502 1319 eiecit.
537 1265 655 1319 sednon
672 1267 762 1321 minus
779 1273 885 1322 certum
902 1273 945 1323 est
977 1315 982 1322 .

92 1355 151 1408 tros
165 1352 304 1423 proximos
325 1353 485 1422 superiores,
505 1357 682 1421 1341-1343,
699 1353 847 1408 abeodem
864 1357 945 1425 scrip

92 1441 136 1492 tos
157 1455 217 1494 esse
239 1443 271 1494 ut
291 1443 389 1508 poetae
408 1439 528 1493 rationes
546 1439 575 1492 in
596 1438 710 1493 dubium
730 1445 846 1495 vocaret.
881 1459 944 1496 nam

92 1525 177 1579 verba
195 1524 229 1579 St
240 1526 307 1591 suit
323 1525 496 1594 etseeereot
514 1526 565 1578 cet.
582 1524 726 1578 manifesto
745 1525 782 1579 ad
797 1525 844 1579 illa
860 1526 944 1596 respi-

93 1611 177 1677 ciunt,
194 1611 250 1664 Sed
261 1612 359 1676 secere
375 1611 409 1664 id
424 1626 482 1663 non
499 1612 549 1664 cet.
584 1611 617 1664 cs.
633 1627 693 1664 ann.
710 1611 773 1680 phil.
787 1611 864 1666 Cant.
877 1627 908 1666 ιι
918 1629 944 1682 p.

94 1702 152 1751 288.
188 1712 273 1764 quare
293 1695 342 1748 hos
363 1711 412 1749 sex
433 1712 527 1749 versus
544 1696 646 1750 littoris
667 1696 830 1766 capitalibus
854 1698 944 1767 expri-

94 1783 209 1836 mendos
228 1783 328 1836 curavi.
372 1788 434 1836 1341
457 1799 507 1852 pro
531 1797 557 1837 ει
579 1783 767 1837 Laolrmannus
789 1784 836 1838 sic.
870 1783 945 1838 idem

97 1874 163 1923 1342
176 1872 205 1922 et
219 1874 285 1922 1343
297 1867 417 1922 invertit.

148 1961 212 2010 1391
250 1959 314 2024 post
327 1962 388 2008 tem
400 1955 495 2008 addidi
507 1954 582 2008 haec.
605 1954 637 2008 cf.
652 1960 725 2008 1404.
758 1953 946 2008 Lachmaunus

95 2043 228 2097 carmine
242 2059 291 2111 pro
303 2058 401 2096 ouum.

150 2133 215 2182 1409
245 2146 294 2197 pro
320 2142 408 2182 susus
421 2126 517 2196 scripsi
529 2142 630 2180 recens.
666 2124 795 2194 syllabam
807 2142 840 2179 re
856 2126 947 2180 hausit

95 2215 263 2286 praecedens
279 2231 408 2279 servere;
427 2211 528 2267 deinde
544 2229 579 2266 ex
596 2226 664 2265 enus
681 2211 839 2266 factumest
853 2229 947 2280 perses.

97 2302 285 2356 Lachmannus
297 2300 379 2354 souis.

149 2391 215 2440 1436
250 2389 314 2439 unte
326 2384 454 2438 versatile
466 2383 608 2448 insulsius,
621 2382 703 2450 quod,
714 2384 745 2435 ut
758 2380 831 2450 alias,
844 2386 907 2452 post
919 2400 949 2436 m

96 2473 204 2528 excidit.
247 2472 435 2528 Lachmannus
463 2469 604 2523 versetilt'.
643 2485 707 2521 nam
735 2469 865 2522 versatile
895 2485 949 2523 non

95 2562 183 2629 magis
204 2560 340 2628 templum
360 2573 420 2612 esse
438 2573 518 2625 posse
538 2571 619 2623 quam
638 2555 730 2608 locem
747 2555 821 2608 dicit.
858 2555 907 2609 sed
926 2556 949 2608 si

97 2647 200 2716 temple
212 2663 293 2700 ruere
305 2646 427 2714 possunt,
440 2646 471 2696 ιι1
484 2657 495 2695 1
509 2647 583 2709 1105,
596 2645 644 2695 arrt
657 2641 791 2708 displosit,
803 2644 836 2695 ut
847 2656 878 2695 ιι
890 2647 949 2708 285,

97 2732 195 2786 eadem
207 2734 282 2785 certe
296 2728 407 2783 versari
418 2729 538 2797 possunt.

150 2822 217 2870 1442
251 2833 302 2886 pro
322 2829 449 2868 escensu
465 2826 571 2865 onorius
590 2811 780 2865 Lachmannus
796 2810 950 2878 puppibus,

97 2910 123 2957 et
138 2920 183 2958 res
187 2921 200 2968 ,·
220 2905 250 2955 et
263 2901 412 2970 puppibus
428 2898 539 2967 quidem
556 2897 667 2965 egregie
676 2917 682 2962 ;
699 2896 750 2949 sed
766 2896 894 2964 displicet
906 2913 951 2949 res

98 2990 136 3042 sic
148 2988 221 3042 nude
232 2988 359 3056 positum.
394 3001 479 3054 quare
493 2984 573 3037 urbes
586 2983 688 3052 scripsi.

152 3077 217 3126 1456
252 3088 303 3140 pro
322 3083 497 3124 cessissemus
522 3082 612 3120 comm
637 3081 777 3120 vrmmsur
801 3064 897 3135 scripsi
920 3064 951 3120 cl.

100 3165 124 3213 et
137 3159 238 3212 orrliee
248 3157 329 3210 debet.
351 3155 455 3210 scilicet
466 3153 594 3206 libmrius
606 3169 621 3204 e
632 3152 716 3207 semel
727 3151 843 3221 scripsit,
851 3149 951 3206 deinde
