2252 3530
115 113 153 170 78
512 109 567 165 ΠΙ

114 215 264 285 particulae
282 213 381 282 quibus
398 213 465 266 haec
482 213 565 266 animi
583 216 683 267 natura
700 216 817 278 creatur,

115 309 185 360 quae
202 307 274 346 nunc
291 291 319 342 in
337 293 430 342 nostro
449 289 606 343 dominatur
623 306 736 358 corpore
754 293 821 342 nata

114 385 149 422 ex
162 367 214 424 ,1110
232 383 304 434 quae
323 371 382 418 turn
399 365 482 432 periit
500 367 602 432 partita
619 383 669 434 per
687 369 771 419 artus.
933 382 970 421 vic

114 448 281 513 quapropter
299 457 388 510 neque
406 440 490 494 natali
508 441 616 508 privata
635 441 744 495 videtur

114 537 174 574 esse
192 520 237 573 die
256 522 353 571 natura
371 517 476 570 animae
495 533 544 570 nec
562 517 665 570 funeris
683 535 787 586 expers.

151 597 259 650 Semina
277 597 421 662 praetcrea
438 592 596 660 linquontur
614 611 700 648 necne
718 595 817 647 animai

114 689 226 741 corpore
244 672 272 723 in
291 669 430 722 exanimo?
450 669 524 737 quod
542 669 565 722 si
583 670 722 723 lincuntur
740 675 769 724 et
786 671 885 737 insunt,

114 749 181 802 haut
199 749 251 801 erit
269 751 301 800 ut
318 745 417 798 merito
436 746 587 799 inmortalis
602 747 690 814 possit
710 747 814 815 haberi,
932 763 968 802 715

112 823 236 893 partibus
254 823 359 876 amissis
378 823 506 890 quoniam
523 821 609 875 libata
627 824 748 876 recessit.

113 901 154 954 sin
172 901 212 954 ita
229 899 341 952 sinceris
359 898 487 952 membris
506 898 598 951 ablata
615 899 737 967 profugit

113 980 144 1030 ut
161 976 249 1030 nullas
267 975 353 1043 partis
371 975 399 1026 in
418 991 530 1042 corpore
547 975 658 1043 liquerit
677 993 710 1029 cx
730 993 767 1044 sc,

113 1053 186 1106 unde
203 1053 336 1105 cadavera
353 1052 476 1104 rancenti
495 1052 548 1104 iam
566 1052 668 1105 viscere
688 1069 794 1106 vermes

113 1129 238 1198 expirant
255 1132 339 1197 atque
357 1127 431 1180 unde
449 1128 618 1180 animantum
636 1129 712 1196 copia
729 1133 808 1183 tanta
931 1141 967 1183 72⁰

113 1223 178 1258 exos
196 1210 224 1259 et
242 1205 374 1271 exanguis
394 1203 513 1256 tumidos
531 1204 698 1272 perfluctuat
715 1206 809 1260 artus?

113 1281 186 1349 quod
205 1281 227 1334 si
245 1283 315 1334 forte
334 1281 438 1334 animas
457 1281 626 1334 extrinsecus
643 1281 773 1334 insinuari

112 1357 249 1410 vermibus
267 1361 296 1410 et
313 1357 404 1426 privas
421 1357 449 1409 in
467 1373 582 1424 corpora
598 1373 679 1426 posse
696 1359 789 1411 venire

113 1433 201 1488 credis
219 1451 268 1488 nec
286 1437 397 1503 reputas
415 1451 463 1488 cur
482 1433 556 1486 milia
574 1433 661 1486 multa
679 1435 829 1486 animarum

112 1511 272 1564 conveniant
291 1511 363 1563 unde
381 1527 435 1562 una
453 1510 605 1577 recesserit,
622 1509 673 1563 hoc
691 1513 784 1563 tamen
802 1513 845 1563 cst
863 1513 895 1563 ut
928 1523 966 1564 700

113 1586 298 1654 quaerendum
317 1586 442 1638 videatur
460 1589 489 1638 01
507 1586 535 1637 in
553 1585 699 1640 discrimen
717 1587 860 1654 agendum,

112 1668 203 1716 utmm
222 1663 333 1716 tandem
351 1663 456 1716 animae
475 1666 608 1716 venentur
626 1665 730 1716 semina
748 1680 872 1732 quaeque

112 1740 319 1793 vermiculorum
337 1739 467 1807 ipsaeque
486 1737 537 1792 sibi
555 1739 722 1793 fabricentur
739 1739 786 1792 ubi
804 1740 867 1807 sint,

112 1832 146 1868 an
164 1816 241 1885 quasi
258 1815 415 1882 corporibus
433 1815 561 1884 perfectis
579 1816 756 1870 insinuentur.

111 1895 140 1945 at
158 1909 247 1960 neque
266 1909 314 1944 cur
331 1892 431 1945 faciant
449 1892 524 1961 ipsae
543 1909 662 1960 quareve
679 1891 803 1945 laborent
928 1906 965 1946 730

111 1969 202 2022 dicere
221 1969 384 2036 suppeditat.
402 1985 491 2036 neque
510 1970 589 2030 enim,
609 1969 666 2021 sine
684 1985 796 2036 corpore
812 1986 874 2022 cum
892 1971 963 2036 sunt,

112 2044 243 2098 sollicitae
261 2045 376 2097 volitant
394 2045 496 2098 morbis
514 2045 631 2112 alguque
649 2045 781 2114 fameque.

111 2137 208 2189 corpus
226 2120 298 2174 enim
317 2122 403 2188 magis
421 2122 464 2174 his
482 2122 556 2174 vitiis
575 2121 665 2174 adfine
683 2121 789 2174 laborat

111 2203 140 2251 01
158 2198 229 2251 mala
247 2199 333 2251 multa
350 2199 456 2252 animus
474 2203 588 2266 contage
606 2198 728 2265 iungitur
746 2199 811 2252 eius.

110 2274 159 2328 sed
178 2278 269 2328 tamen
287 2275 328 2328 lris
347 2278 406 2328 esto
425 2276 547 2344 quamvis
565 2275 739 2328 facereutile
757 2291 855 2342 corpus
926 2289 963 2330 730

110 2350 185 2419 quod
203 2351 333 2417 subeant;
351 2356 380 2404 at
398 2369 452 2420 qua
469 2353 574 2420 possint
592 2353 634 2404 via
651 2351 725 2404 nulla
743 2351 858 2404 videtur.

109 2428 176 2481 lraut
195 2428 279 2496 igitur
297 2429 400 2481 faciunt
419 2429 523 2481 animae
544 2429 593 2481 sibi
613 2445 726 2495 corpora
744 2433 772 2482 et
790 2431 873 2481 artus.

109 2522 159 2558 nec
176 2508 269 2558 tamen
288 2507 330 2558 est
349 2504 461 2572 quidum
480 2505 608 2572 perfectis
626 2505 797 2557 insinuentur

109 2582 282 2652 corporibus;
301 2599 390 2650 neque
409 2583 481 2635 enim
499 2584 631 2650 poterunt
649 2581 787 2649 suptiliter
805 2597 866 2634 esse

108 2676 227 2712 conexae
245 2675 334 2726 neque
352 2676 498 2712 corisensus
516 2659 641 2725 contagia
660 2659 733 2710 fient.
926 2672 963 2712 vro

144 2735 271 2804 Denique
289 2753 336 2789 cur
354 2735 424 2788 acris
442 2735 570 2788 violentia
588 2735 668 2788 triste
686 2735 794 2788 leonum

108 2813 251 2866 seminium
270 2813 400 2879 sequitur,
420 2811 513 2880 volpes
531 2810 617 2879 dulus,
636 2815 665 2864 01
682 2810 748 2878 fuga
766 2827 866 2876 cervos,

107 2907 125 2937 A
138 2905 256 2936 PATRIBUS
270 2905 353 2937 DATUR
365 2905 395 2938 ΕΤ
404 2907 422 2937 Δ
432 2905 532 2937 Parmos
545 2904 625 2937 PAvoa
639 2905 738 2937 lNGITA'I'
751 2905 829 2936 ARTUS

108 2969 138 3018 et
155 2965 210 3016 ianr
228 2968 320 3018 cetera
337 2964 373 3018 de
390 2982 491 3033 genere
509 2965 560 3020 hoc
578 2982 627 3019 cur
644 2966 734 3018 omnia
752 2965 881 3018 membris

108 3057 143 3092 cx
160 3040 272 3093 ineunte
290 3057 357 3094 aevo
375 3046 556 3109 generascunt
574 3043 744 3110 ingenioque,
925 3055 962 3096 745
992 3095 1003 3108 ,

108 3115 132 3168 01
150 3132 211 3180 non,
231 3120 306 3169 certa
324 3134 372 3170 suo
391 3118 455 3185 quia
473 3119 575 3171 semine
593 3117 761 3186 seminioque
866 3116 867 3119 ’

107 3191 149 3245 vis
166 3191 248 3244 animi
265 3193 369 3258 pariter
386 3194 485 3247 crescit
501 3211 563 3247 cum
581 3211 694 3261 corpore
711 3194 788 3247 total

531 3268 543 3291 ἱ
