2252 3530
992 143 1029 202 75

175 250 261 315 atque
279 247 430 300 sorarnina'l
448 245 617 300 multimodis
634 247 666 298 00
683 263 793 299 noscere
813 247 899 314 possis

178 323 350 392 dispertitam
369 323 474 376 animae
493 327 619 375 naturam
638 321 727 375 exisse
745 339 795 390 000
813 325 890 376 00000

177 403 206 453 00
223 401 299 468 prius
317 416 377 453 esse
395 399 446 452 sibi
466 399 624 452 distractam
643 415 754 466 corpore
772 400 799 451 in
817 399 884 468 ipso,
994 416 1030 454 500

178 493 259 544 quam
277 477 403 544 prolapsa
420 476 492 528 foras
511 479 606 528 enaret
624 475 652 527 in
671 476 740 528 aeris
758 492 845 529 auras.

178 553 244 620 quin
262 552 345 605 etiam
363 551 424 604 finis
442 551 507 604 dum
527 551 598 605 vitae
617 555 734 604 vertitur
752 551 832 619 intra,

179 645 260 697 saepe
278 629 369 696 aliqua
386 632 478 681 tamen
497 645 512 680 e
530 644 610 682 causa
627 627 762 681 labefacta
779 627 889 682 videtur

177 705 218 757 ire
236 704 325 758 anima
343 721 374 757 ae
392 706 450 758 toto
469 703 538 757 solui
556 703 723 772 decerpere
742 705 806 757 relic

178 783 207 834 et
225 781 301 849 quasi
321 797 447 849 supremo
465 779 640 848 languescere
658 784 782 849 tempore
800 779 891 834 voltus
995 795 1029 832 505

177 858 322 926 molliaque
340 857 470 924 exsangui
489 863 589 910 trunco
607 857 706 911 eadere
723 859 813 911 onmia
830 856 959 911 membra.

177 935 250 1002 quod
268 951 354 1002 genus
372 937 421 1001 est,
440 933 530 986 animo
548 934 737 988 malefactum
756 951 817 987 cum
835 932 995 1002 perhibetur

175 1014 223 1064 ant
241 1011 358 1064 animam
376 1011 503 1078 liquisse3
521 1010 568 1063 ubi
586 1011 640 1063 iam
659 1010 815 1079 trepidatur
833 1015 861 1062 et
879 1025 972 1062 omncs

176 1095 330 1140 extremum
348 1087 460 1154 eupiunt
478 1087 551 1140 vitae
569 1087 787 1154 repraehenderc
806 1086 930 1139 vinclum.

176 1166 370 1231 conquassatur
389 1165 460 1216 enim
478 1166 537 1216 tum
556 1179 633 1215 mens
652 1163 811 1230 animaeque
828 1165 951 1230 potestas
995 1175 1031 1212 eoo

176 1241 263 1292 omnis
281 1243 310 1292 00
327 1239 395 1292 haec
411 1239 470 1306 ipso
489 1256 549 1292 cum
568 1255 681 1306 corpore
699 1239 896 1303 conlabelinnt3

176 1318 208 1368 ut
226 1317 334 1382 gravior
352 1316 433 1384 paulo
451 1315 537 1383 possit
554 1315 702 1367 dissolvere
720 1331 807 1368 causa.

176 1392 244 1460 quid
263 1391 373 1445 dubitas
390 1391 503 1445 tandem
523 1391 587 1458 quin
606 1394 684 1442 00000
702 1390 811 1458 prodita
829 1407 926 1459 corpus

174 1467 299 1522 inbecilla
317 1469 389 1520 foras
407 1467 436 1520 in
455 1471 559 1536 aperto,
578 1466 701 1532 tegmine
720 1466 839 1534 dempta,

174 1561 228 1596 non
247 1544 328 1597 modo
345 1561 399 1597 non
418 1560 525 1596 omnem
544 1543 629 1612 possit
647 1542 747 1596 durare
765 1559 815 1611 000
833 1560 935 1610 aevom,
994 1559 1028 1596 ons

176 1620 226 1673 scd
243 1619 384 1673 minimum
405 1619 519 1688 quodvis
540 1621 657 1687 nequeat
677 1619 824 1672 consistere
843 1621 968 1689 tempusi

175 1713 225 1749 nec
243 1696 294 1749 sibi
312 1696 383 1749 enim
403 1697 545 1764 qnisquam
564 1695 682 1748 moriens
700 1696 803 1749 sentire
821 1696 931 1749 videtur

175 1771 215 1825 irc
233 1772 305 1826 foras
323 1774 438 1825 animam
457 1772 617 1824 incolumem
636 1770 672 1823 do
690 1788 802 1840 0000000
820 1775 880 1826 0000

175 1865 224 1902 nec
244 1849 319 1916 prius
337 1849 372 1902 ad
390 1848 511 1916 iugulum
531 1852 559 1900 et
579 1863 677 1916 supera
696 1849 842 1903 succedere
859 1849 959 1915 lances,

175 1941 270 1977 verum
288 1925 405 1978 deficere
423 1925 451 1977 in
470 1929 546 1978 corta
563 1925 673 1992 regione
691 1924 822 1990 locatam3
993 1940 1029 1978 ero

176 2004 207 2053 ut
226 2017 319 2054 000000
338 2001 404 2054 alios
423 2001 450 2053 in
469 2001 542 2069 parti
561 2018 697 2068 quemque
717 2017 764 2054 sua
783 2002 833 2054 scit

176 2076 295 2130 dissolui.
314 2078 386 2145 quod
406 2077 428 2130 si
447 2077 598 2129 inmortalis
617 2080 710 2130 nostra
730 2077 801 2130 soret
819 2094 903 2144 mens,

175 2169 227 2205 non
246 2157 302 2206 tam
321 2171 349 2205 sc
367 2154 485 2215 moriens
505 2153 614 2205 dissolvi
634 2157 855 2220 conquereretur,

174 2229 225 2282 sed
243 2229 328 2295 magis
346 2230 387 2282 ire
405 2230 476 2280 foras
495 2233 656 2296 restemque
673 2229 835 2296 relinquere,
853 2233 884 2283 ut
902 2231 1005 2298 anguis.

210 2303 334 2370 Denique
352 2321 400 2356 cur
418 2305 499 2356 animi
518 2320 666 2371 numquam
685 2321 761 2356 niens
778 2305 973 2373 consiliumque
992 2321 1028 2358 015

174 2379 296 2446 gignitur
313 2379 340 2431 in
358 2380 448 2446 eapite
465 2383 512 2431 aut
530 2379 647 2447 pedibus
665 2380 830 2446 manibusve,
850 2381 899 2433 sed
917 2382 978 2434 unis

175 2454 286 2508 sedibus
305 2458 334 2508 et
352 2456 433 2508 certis
451 2455 566 2508 hominis
584 2455 740 2522 regionibus
757 2456 860 2522 haeret,

174 2531 198 2584 si
216 2547 269 2584 non
287 2535 363 2586 certa
380 2532 439 2586 loca
456 2533 492 2586 ad
510 2532 675 2586 nascendum
693 2531 803 2586 reddita
820 2533 918 2601 cuique

175 2611 246 2675 sunt,
265 2611 294 2661 et
311 2606 358 2660 nbi
378 2609 507 2677 quicquid
526 2610 611 2678 possit
630 2609 730 2663 durare
748 2612 870 2665 creatum

176 2687 259 2752 atquc
276 2683 316 2737 ita
334 2685 500 2739 multimodis
519 2686 630 2754 partitis
647 2685 762 2739 artubus
780 2691 848 2752 essa*
993 2701 1029 2739 cao

176 2759 359 2813 membrorum
377 2766 409 2816 ut
428 2779 575 2831 numquam
595 2763 696 2816 existat
713 2759 907 2831 praeposterus
925 2763 1011 2818 ordol

175 2853 262 2904 usque
281 2836 351 2889 adeo
371 2839 495 2905 seqnitur
513 2855 556 2890 res
575 2855 632 2891 rem
651 2855 740 2907 neque
758 2839 866 2892 flamma
884 2841 971 2894 creari

176 2912 331 2965 fluminibus
350 2913 456 2966 solitast
475 2930 563 2981 neque
581 2915 609 2966 in
627 2914 684 2981 igni
701 2914 808 2981 gignier
825 2916 907 2984 algor.

212 2989 360 3042 Praeterea
378 2990 401 3042 si
418 2990 570 3043 inmortalis
587 2995 686 3044 natura
703 2991 829 3045 animaist

177 3068 205 3120 00
223 3067 325 3118 sentire
342 3069 434 3133 000000
452 3070 557 3120 0000000
574 3083 591 3119 0
608 3083 723 3136 0000000
739 3071 841 3135 000000,
992 3085 1027 3122 eas

176 3142 303 3210 quinque,
315 3147 346 3195 nt
359 3143 461 3211 opinor,
474 3160 533 3196 cam
546 3144 703 3196 faciundum
716 3146 759 3197 000
772 3144 897 3200 sensibus
909 3147 1026 3201 auctam.

177 3234 227 3272 nee
244 3221 350 3272 ratione
368 3218 420 3272 alia
439 3224 546 3273 nosmet
564 3237 714 3290 proponere
731 3220 809 3277 nobis
