2234 3526
523 133 573 191 VI
921 134 976 191 159

131 254 186 308 qua
202 254 343 307 possemus
360 236 396 290 ad
414 236 444 289 id
460 240 537 290 recto
555 235 720 290 contendere
737 252 825 302 cursis,

130 315 232 384 quidve
249 313 313 366 meli
330 314 401 366 foret
418 312 446 365 in
464 312 547 366 rebus
564 313 718 366 mortalibu’
735 313 844 382 passim,

131 391 206 459 quod
223 390 303 443 ficret
320 389 437 442 naturali
455 388 585 458 varieque
603 389 707 442 volaret
955 405 979 442 ar

131 483 179 520 sen
197 482 261 520 casu
280 483 327 520 seu
344 465 379 533 vi,
396 465 469 534 quod
488 465 526 518 sic
544 471 643 518 natura
660 468 791 532 parasset,

132 546 160 596 et
178 542 277 610 quibus
295 558 311 595 e
328 541 416 610 portis
433 540 539 594 occurri
558 541 656 608 cuique
674 541 793 608 deceret,

131 622 160 672 et
177 635 263 686 genus
280 618 429 671 humanum
446 616 550 670 frustra
566 617 727 684 plerumque
745 617 872 686 probavit

131 695 239 747 volvero
257 711 384 747 carrarum
402 693 490 747 tristis
507 693 534 746 in
552 697 663 762 pectore
681 693 787 746 fluetus.

130 787 193 823 nam
210 771 295 824 veluti
313 771 391 840 pueri
408 769 547 837 trepidant
564 773 647 838 salue
661 770 752 822 omnia
767 766 853 823 caecis
956 789 979 823 a:

121 846 158 899 ·in
176 847 298 900 tenebris
315 849 449 912 metuunt,
468 846 507 899 sic
523 862 573 899 nos
590 846 619 898 in
636 845 696 899 luce
713 847 843 900 timemus

131 922 278 990 interdum,
295 921 350 974 nilo
368 938 438 990 qnae
457 925 520 974 sunt
537 921 686 975 metuenda
702 923 790 990 inagis
808 939 889 989 qnam

131 1015 202 1067 quae
219 998 299 1068 pueri
317 999 345 1050 in
364 997 484 1051 tenebris
501 997 627 1067 pavitant
644 997 805 1066 finguntque
823 998 922 1052 futura.

131 1074 202 1128 hunc
220 1075 305 1142 igitur
322 1080 455 1128 terrorem
474 1074 555 1128 animi
573 1073 756 1142 tenebrasque
774 1079 912 1128 necessest

131 1167 184 1203 non
202 1151 273 1202 radii
291 1150 354 1203 solis
372 1166 421 1202 nec
439 1149 530 1203 lucida
547 1150 603 1203 tola
621 1150 675 1203 diei
958 1165 981 1202 so

132 1226 287 1293 discutiant,
306 1225 355 1279 sed
372 1230 486 1278 iraturao
505 1226 608 1294 species
625 1226 758 1294 ratioque.

132 1319 186 1370 quo
204 1303 289 1369 magis
306 1301 444 1370 inceptum
462 1317 573 1368 pergam
591 1305 736 1369 pertexere
754 1301 842 1355 dictis.
924 1348 929 1356 .

167 1377 204 1431 Et
221 1378 348 1445 quoniam
367 1377 446 1429 docui
464 1377 558 1429 nsandi
575 1376 701 1431 mortalia
719 1377 821 1446 templa

132 1469 192 1506 esse
209 1459 235 1506 et
252 1453 343 1506 nativo
362 1452 510 1506 consistere
528 1469 642 1521 corpore
660 1453 770 1517 caelum,

132 1532 161 1582 et
179 1545 367 1597 quaecumque
384 1528 411 1580 in
430 1544 462 1581 eo
480 1528 550 1581 finnt
567 1529 682 1598 fierique
700 1533 843 1593 necessest,
957 1548 981 1585 45
1049 1543 1050 1548 ’

132 1605 263 1672 pleraque
280 1604 402 1669 ressolui,
421 1620 492 1672 quae
510 1607 616 1657 restent
633 1605 743 1674 percipe
761 1623 851 1674 porro,

133 1680 354 1748 quandoquidem
373 1680 456 1732 semel
474 1679 608 1746 insignem
626 1681 807 1735 conscendere
825 1700 934 1737 currum

549 1777 566 1813 s

133 1843 285 1902 ventorum,
303 1856 338 1893 ex
355 1839 397 1892 ira
414 1841 445 1892 ut
462 1839 612 1908 placentur,
631 1846 662 1892 ut
680 1839 770 1893 omina
787 1857 895 1894 rursum

133 1932 202 1983 quae
220 1914 322 1968 fuerint
340 1915 395 1969 sint
413 1915 519 1983 placate
536 1932 666 1969 conversa
682 1917 781 1970 furore.

132 1995 224 2044 cetera
242 2007 311 2057 quae
329 1991 388 2044 fieri
406 1992 434 2044 in
452 1992 534 2044 terris
551 1992 679 2060 caeloque
696 1996 809 2046 tuentur
957 2010 982 2050 so

133 2067 268 2132 mortales,
287 2066 391 2134 pavidis
409 2084 470 2120 cunr
488 2068 609 2136 pendent
626 2067 756 2120 mentibu’
775 2085 864 2139 saepe,

132 2145 162 2195 et
179 2141 282 2195 faciunt
298 2144 403 2196 animos
420 2142 529 2196 humilis
546 2144 690 2196 formidine
708 2144 798 2198 divom

133 2217 332 2285 depressosque
350 2221 478 2283 premunt
495 2219 531 2270 ad
548 2224 650 2271 terram
668 2223 815 2287 propterea
833 2221 907 2288 quod

132 2293 284 2360 ignorantia
301 2308 442 2345 cansarum
460 2294 583 2346 conferre
601 2292 715 2345 deorum

134 2369 206 2436 cogit
224 2367 261 2422 sd
278 2367 422 2435 imperinm
440 2385 486 2421 res
504 2372 532 2421 et
550 2368 701 2421 concedere
719 2385 841 2435 regnum.
959 2386 983 2424 se

134 2469 235 2508 Quonim
246 2469 344 2502 omnis
354 2468 445 2500 CAUSAS
455 2467 537 2499 Nonne
547 2467 652 2499 RATIONE
661 2467 751 2513 VIDEJOE

134 2537 238 2570 Possem·
248 2537 279 2569 Ac
289 2536 356 2568 susm
366 2535 452 2567 Divino
462 2534 560 2567 suumn
572 2534 670 2566 BENTUB

133 2616 196 2653 nani
214 2599 285 2652 benc
303 2598 350 2667 qui
368 2597 489 2651 didicere
507 2597 573 2651 deos
591 2613 716 2651 securum
735 2615 816 2666 agere
834 2616 936 2668 aevonr,

134 2675 156 2728 si
175 2678 266 2729 tamen
284 2675 389 2728 interea
407 2674 540 2727 mirantur
558 2675 735 2740 oneratione

134 2768 258 2820 quaeque
275 2750 335 2818 geri
353 2751 466 2820 possint,
483 2749 645 2819 praesertim
664 2751 747 2804 rebus
764 2750 791 2803 in
809 2751 864 2805 illis
961 2769 985 2806 oo

134 2844 206 2896 quae
224 2844 322 2902 supera
340 2830 423 2896 capnt
441 2827 569 2882 aetheriis
587 2831 735 2879 cernuntur
752 2827 780 2879 in
798 2829 860 2896 oris,

134 2920 229 2972 rursus
246 2904 275 2956 in
292 2903 419 2971 antiquas
436 2904 594 2957 referuntur
613 2902 763 2969 religionis·

135 2982 164 3032 et
183 2978 305 3032 dominos
323 2979 393 3032 acris
410 2979 573 3046 adsciscunt,
591 2979 681 3033 omnia
698 2995 778 3047 posse

135 3070 204 3122 qnos
221 3055 312 3108 miseri
330 3055 452 3119 credunt,
471 3055 559 3122 ignari
577 3054 644 3122 quid
662 3059 745 3123 queat
764 3072 830 3123 esse,

135 3130 203 3198 quid
221 3135 347 3200 nequeat,
365 3131 444 3186 finita
460 3135 583 3201 potestas
602 3131 719 3199 denique
737 3132 836 3200 cuique
963 3154 986 3191 οε,

135 3223 252 3275 quanam
270 3207 306 3261 sit
323 3207 422 3261 rationi
439 3211 523 3276 atque
541 3208 596 3260 alte
614 3207 747 3260 terminus
764 3207 894 3275 hacrens;
