2234 3526
537 115 582 171 Vl
932 116 985 173 181

138 224 191 274 hoc
208 220 292 288 igitur
309 220 369 273 fieri
387 237 496 290 quoque
513 220 541 273 in
558 219 604 272 illo
621 220 697 273 fonte
714 218 901 289 putandumst
952 234 989 273 999

177 299 256 364 Quod
274 305 408 368 superest,
426 316 508 367 egere
523 298 650 366 incipiam
668 314 722 366 quo
739 297 852 352 loedere
870 298 920 352 liet

139 380 261 441 naturae,
279 376 348 446 lapis
365 376 410 430 hie
428 380 460 430 ut
476 376 580 429 ferrum
598 375 698 428 ducere
715 375 808 444 possit,

139 471 221 523 quern
240 453 372 522 Magneta
389 457 486 507 vocant
502 453 593 522 patrio
611 451 647 506 de
664 451 772 505 nomine
789 452 863 520 Grai,

140 531 303 598 Magnetum
320 530 384 600 quie
402 530 435 584 fit
451 529 548 600 patriis
565 529 594 582 in
611 528 712 582 finibus
729 531 814 582 ortus.

139 607 212 662 hune
223 607 345 661 homiues
357 604 476 676 lapidem
488 607 636 670 mirantum
655 605 758 674 quippe
770 608 894 658 catenam
953 618 990 659 ere

141 701 223 754 saepe
241 700 276 738 ex
293 683 387 737 anellis
404 683 498 737 reddit
514 681 696 750 pendentibus
714 697 748 735 ex
766 697 803 735 se.

140 761 261 830 quinque
278 761 380 814 etenim
397 759 463 813 lieet
481 758 619 813 interdum
637 758 783 828 pluresque
801 757 895 811 videre

140 837 238 891 ordine
256 836 388 890 demissos
405 835 511 890 levibus
528 836 655 888 iactarier
672 835 752 901 auris,

140 930 211 967 unus
228 912 275 967 ubi
293 929 328 967 er
345 929 398 966 uno
416 911 555 981 dependet
573 915 669 982 supter
686 911 836 965 adhaerens

140 1007 175 1044 ex
193 990 300 1058 alioque
318 989 387 1043 elius
405 988 505 1058 lapidis
521 988 577 1042 rim
594 989 737 1058 vincloque
755 987 855 1043 noscit:
953 1001 990 1040 ers

140 1066 312 1135 usqueadeo
330 1069 522 1134 permananter
539 1065 580 1119 vis
597 1065 721 1134 pervolat
738 1065 804 1120 eins.

177 1143 239 1197 Hoc
250 1159 337 1210 genus
348 1143 376 1196 iu
388 1143 471 1196 rebus
480 1141 672 1196 firmandumst
682 1141 769 1196 multa
780 1142 855 1210 prius
867 1157 948 1210 quern

139 1220 224 1288 ipsius
241 1219 282 1273 rei
299 1219 433 1273 rationem
450 1218 569 1273 reddere
585 1218 681 1288 poesie,

140 1299 171 1352 ot
188 1297 301 1351 nimium
318 1296 406 1364 longis
423 1295 581 1364 ambagibus
600 1299 643 1350 est
660 1294 814 1349 adeundum
823 1315 830 1360 ;

140 1391 195 1444 quo
213 1375 300 1442 magis
317 1376 439 1427 attentas
456 1373 530 1426 euris
547 1372 721 1440 animumque
738 1387 858 1440 reposco.
954 1386 990 1424 ero

177 1451 313 1520 Principio
331 1449 457 1503 omuibus
475 1448 510 1502 ob
528 1448 617 1516 rebus,
636 1465 822 1517 quascumque
840 1447 972 1516 videmus,

140 1530 274 1598 perpetuo
291 1527 377 1581 fluere
394 1543 426 1580 ac
442 1526 516 1580 mitti
534 1526 681 1594 spargique
698 1529 836 1578 necessest

140 1620 254 1674 corpora
272 1620 342 1673 quae
359 1603 460 1656 feriant
477 1603 568 1656 oeulos
585 1601 726 1670 visumque
743 1600 884 1654 lacessant.

140 1685 330 1750 perpetueque
347 1679 436 1733 fluunt
453 1679 536 1732 certis
551 1677 586 1732 ab
604 1676 816 1742 rebns‘ederes3

140 1757 225 1824 frigus
241 1759 274 1809 ut
291 1773 309 1809 o
327 1756 423 1822 fluviis,
442 1756 514 1809 calor
531 1754 567 1808 eb
584 1754 648 1819 sole,
666 1757 758 1808 aestus
775 1753 811 1808 ab
828 1753 909 1808 undis
954 1769 991 1808 ess

141 1834 267 1902 aequeris
284 1850 381 1886 exesor
398 1848 552 1886 moerorum
569 1830 650 1884 litera
667 1834 787 1900 propter.

141 1927 191 1964 uec
209 1909 275 1963 varii
292 1913 401 1963 cessant
417 1908 521 1962 sonitus
539 1923 651 1960 manare
667 1924 717 1976 per
734 1923 822 1961 aures.

142 1988 259 2055 denique
278 1986 305 2039 in
323 2002 353 2039 os
370 1984 433 2039 salsi
451 1985 527 2039 veuit
543 2001 622 2039 umor
639 2000 721 2054 saepe
739 1985 849 2054 saporis,

141 2083 203 2120 cuur
222 2081 297 2118 mare
315 2079 455 2117 versamur
471 2067 592 2132 propter,
611 2062 751 2131 dilutaque
769 2067 865 2116 contre

97 2161 130 2194 m
142 2159 204 2196 cum
222 2142 324 2196 tuimur
341 2139 449 2194 misceri
466 2140 609 2205 absinthia,
627 2139 717 2206 tangit
734 2155 848 2193 amaror.
955 2153 992 2191 999

140 2235 228 2288 usqne
246 2217 315 2272 adeo
332 2215 458 2271 omnibus
475 2215 511 2268 ab
529 2216 610 2268 rebus
628 2232 672 2268 res
690 2232 812 2283 quaeque
829 2213 947 2267 fluenter

97 2296 230 2350 aufertur
247 2298 276 2349 et
293 2295 321 2347 in
338 2296 450 2348 cunctas
467 2290 617 2344 dimittitur
633 2290 754 2357 undique
771 2289 858 2359 partis

141 2389 192 2427 nee
209 2388 285 2426 more
302 2388 353 2425 nec
370 2369 479 2438 requies
497 2366 653 2421 interdatur
669 2365 726 2418 ulla
743 2364 853 2433 fluendi,

141 2452 276 2520 perpetue
295 2446 424 2516 quoniam
442 2444 581 2510 sentimus,
600 2445 629 2496 et
646 2441 737 2495 emnia
753 2457 862 2511 semper

141 2541 253 2580 cernere
270 2523 380 2577 odorari
397 2522 462 2576 lieet
480 2525 509 2574 et
527 2519 629 2574 sentire
647 2535 750 2573 sonare.
957 2533 993 2572 999

96 2611 112 2643 ⁹
177 2603 257 2655 Nune
275 2599 362 2654 omnis
379 2601 503 2668 repetam
521 2612 603 2664 quam
620 2611 683 2648 raro
700 2611 814 2664 corpore
833 2595 887 2648 sint
906 2611 950 2648 res

141 2693 367 2742 commemorare;
385 2673 460 2744 quod
477 2673 504 2727 iu
522 2672 610 2744 primo
628 2688 735 2740 queque
753 2671 873 2724 camnine
891 2669 984 2724 claret.

141 2755 245 2824 quippe
263 2753 373 2819 etenim,
390 2761 554 2822 quamquam
571 2749 672 2802 rnrrltas
690 2747 740 2801 hoe
758 2748 878 2815 pertinet
895 2747 931 2800 ad
949 2764 993 2800 res

141 2848 261 2896 noscere,
279 2847 341 2885 curn
358 2828 453 2900 primis
470 2828 539 2881 hanc
557 2826 670 2881 adrem
688 2825 812 2894 protinus
830 2824 924 2892 ipsam,

141 2925 195 2978 qua
213 2906 250 2961 de
267 2908 402 2961 disserere
419 2905 573 2974 adgredior,
590 2903 700 2956 firmare
717 2904 855 2954 necessest
958 2914 994 2952 999

141 2986 179 3040 nil
197 3001 258 3038 esse
275 2984 304 3038 iu
321 2986 448 3052 promptu
467 2982 519 3035 nisi
536 2981 653 3034 mixtum
671 2993 769 3045 cerpus
786 2977 867 3031 inani.

140 3062 274 3132 principie
292 3061 324 3114 fit
341 3059 418 3114 utin
436 3058 571 3128 speluncis
589 3072 655 3109 saxa
673 3070 789 3123 superne

141 3138 243 3195 sudent
259 3154 355 3193 umore
373 3139 403 3191 et
419 3136 508 3204 guttis
525 3132 693 3188 marrantibu’
712 3129 825 3186 stillent.

140 3220 235 3271 monet
252 3216 319 3269 item
338 3214 415 3268 nobis
433 3230 449 3268 c
466 3216 526 3267 toto
544 3226 657 3280 corpore
675 3209 766 3276 sudor,
