2234 3526
595 137 627 192 V
985 143 1040 202 147

170 239 283 294 mittere
301 239 452 294 0000111100
470 240 606 310 expressit
624 241 733 295 nomina
751 260 851 310 rerum,

170 331 224 369 non
242 317 295 369 alia
312 316 392 386 longe
410 318 517 372 ratione
534 320 617 386 atque
634 318 695 385 ipsa
712 318 822 372 videtur
993 337 1041 375 0000

170 393 332 460 protrahere
350 395 386 447 ad
403 397 512 463 gestum
530 410 629 462 pueros
648 394 762 448 infantia
778 395 894 464 linguae,

149 503 151 507 .
170 486 232 522 curn
250 470 315 524 facit
332 473 364 524 ut
382 471 469 538 digito
487 488 557 539 quae
575 471 630 524 sint
647 472 803 539 praesentia
821 479 979 529 monstrent.

170 547 254 600 sentit
272 547 344 600 eninr
363 547 416 600 vim
436 547 552 616 quisque
570 563 647 600 suam
666 547 757 615 quoad
775 549 860 616 possit
878 550 961 603 abuti.

170 637 272 676 cornua
289 625 336 675 000
338 638 353 674 0
371 622 446 691 prius
464 622 550 676 uitulo
568 639 649 690 quam
668 623 871 678 frontibust
825 641 858 678 ex
860 628 928 692 tent,

169 697 248 750 illis'
241 703 294 752 irat
295 715 327 752 us
345 699 451 766 pertint
435 701 519 766 utque
536 699 618 752 infest
607 703 651 752 tus
669 699 787 767 inurget
991 718 1039 758 1035

218 776 301 830 eatuli
319 775 516 844 pantherarum
534 775 691 844 scymnique
709 776 816 829 leonum

168 778 305 918 ubguibus
323 868 355 904 ae
372 851 515 919 pedibus
507 867 562 904 ram
579 853 642 905 turn
658 868 804 918 morsuque
821 857 983 921 repugnant,

170 927 213 979 vix
232 929 395 981 etiamnum
414 931 478 981 00000
497 927 595 982 dentes
613 943 773 996 unguesque
792 929 884 982 creati.

169 1003 284 1058 alituum
302 1021 383 1073 porro
401 1021 487 1073 genus
505 1004 555 1057 alis
573 1021 653 1057 omne
671 1004 795 1058 videmus
1064 1068 1081 1082 p

169 1079 256 1134 fidere
274 1085 304 1134 00
322 1097 338 1134 0
355 1081 446 1150 pinnis
464 1081 612 1134 tremulum
630 1084 727 1149 petere
745 1081 913 1135 auxiliatum.
991 1099 1039 1138 0040

169 1156 283 1224 proinde
302 1161 400 1225 putare
417 1158 537 1226 aliquem
555 1160 616 1210 tum
633 1157 743 1210 nomina
761 1157 934 1212 distribuisse

168 1232 251 1285 rebus
269 1237 300 1286 00
317 1231 382 1286 inde
399 1233 522 1286 homines
541 1232 670 1286 didicisse
688 1233 819 1286 vocabula
836 1235 933 1302 prima,

169 1309 329 1377 desiperest.
348 1327 411 1363 nam
430 1326 478 1362 eur
496 1309 539 1362 hic
557 1313 650 1377 posset
668 1313 766 1362 cuncta
783 1313 879 1363 notare

167 1385 279 1439 vocibus
297 1390 326 1440 et
344 1387 433 1440 varios
452 1387 556 1439 sonitus
574 1386 701 1439 emittere
719 1385 832 1453 linguae,

168 1468 292 1530 tempore
305 1463 402 1517 eodem
415 1463 459 1516 alii
472 1463 562 1516 100000
573 1462 601 1514 id
615 1479 668 1516 non
681 1462 773 1530 quisse
785 1465 936 1530 0000000001
988 1481 1035 1520 0000

167 1542 312 1608 praeterea
330 1539 353 1592 si
371 1556 424 1592 non
443 1539 488 1592 alii
506 1555 615 1606 quoque
633 1539 744 1591 vocibus
762 1539 804 1590 usi

167 1616 241 1668 inter
258 1631 288 1668 00
305 1615 422 1682 fuerant,
440 1615 514 1668 unde
531 1616 614 1668 insita
630 1615 743 1668 notities
761 1618 804 1669 est

167 1691 295 1745 utilitatis
314 1696 342 1746 et
360 1691 433 1746 unde
451 1692 517 1746 data
535 1695 577 1745 est
595 1691 658 1745 huie
675 1692 763 1760 prima
780 1695 911 1760 potestas,

168 1767 235 1837 quid
253 1767 335 1822 vellet
353 1768 444 1822 facere
461 1771 493 1822 ut
511 1768 595 1822 sciret
613 1767 757 1836 animoque
775 1769 901 1823 videretl

168 1861 266 1912 cogere
282 1845 350 1899 item
367 1844 454 1914 pluris
471 1861 542 1898 unus
559 1844 701 1912 victosque
720 1843 832 1897 domare
984 1862 1032 1900 0000

167 1938 222 1974 non
239 1924 357 1991 poterat,
376 1939 467 1976 rerum
485 1925 517 1976 ut
535 1921 692 1991 perdiscere
709 1921 820 1974 nomina
837 1921 946 1976 vellent.

168 2015 217 2052 000
235 2000 342 2052 ratione
360 1999 459 2053 docere
476 1998 532 2052 ulla
551 1998 721 2068 suadereque
740 1998 838 2061 surdis,

169 2074 236 2142 quid
254 2076 290 2128 sit
308 2092 376 2144 opus
393 2077 473 2143 facto,
490 2076 611 2142 facilest3
629 2093 719 2144 neque
738 2076 809 2130 enim
827 2079 989 2144 paterentur

169 2167 219 2204 nee
237 2152 344 2204 ratione
363 2152 418 2205 ulla
435 2152 487 2204 sibi
505 2151 612 2205 ferrent
630 2151 745 2218 amplius
765 2152 840 2204 auris

169 2226 242 2280 vocis
260 2227 398 2280 inauditos
417 2227 521 2279 sonitus
539 2225 693 2279 obtundere
711 2227 821 2280 frustra.
982 2243 1029 2282 1⁰55

169 2306 309 2370 postremo
328 2301 394 2370 quid
412 2303 441 2354 in
458 2301 510 2354 1000
527 2300 651 2353 mirabile
669 2304 842 2369 tantoperest
859 2318 900 2367 00,

170 2377 193 2430 01
210 2394 297 2466 genus
313 2377 469 2443 humanum,
488 2377 532 2430 cui
550 2393 601 2429 0000
620 2380 649 2430 00
666 2375 759 2444 lingua
776 2377 890 2444 rigeret,

169 2470 219 2521 pro
237 2455 312 2507 vario
330 2470 411 2507 sensu
427 2454 503 2507 varia
520 2469 565 2506 res
583 2467 649 2506 0000
668 2453 794 2506 notaret?

170 2547 230 2583 00000
248 2529 367 2598 pecudes
385 2533 483 2593 mutae,
503 2546 565 2583 curn
584 2529 702 2596 denique
720 2529 809 2582 saecla
827 2528 946 2584 ferarum

170 2605 309 2660 dissimilis
327 2606 432 2660 soleant
449 2622 529 2659 00000
547 2606 690 2674 variasque
709 2607 789 2673 ciere,
981 2620 1027 2660 0000

170 2699 230 2736 eum
249 2685 338 2736 metus
356 2685 404 2735 aut
422 2681 500 2735 dolor
518 2685 561 2735 est
579 2686 686 2736 etcum
705 2683 758 2736 iarn
780 2681 881 2751 gaudia
902 2682 1026 2750 gliscunt.

170 2760 270 2827 quippe
289 2759 390 2813 etenim
407 2759 471 2812 lieet
488 2757 518 2811 id
536 2758 619 2812 rebus
638 2774 800 2827 cognoscere
818 2761 930 2828 apertis.

169 2835 282 2889 inritata
299 2852 397 2888 canum
414 2853 476 2889 cum
493 2836 612 2902 primum
631 2851 730 2902 magna
748 2835 898 2902 Molossum

170 2911 261 2964 mollia
278 2911 348 2965 ricta
365 2911 486 2965 fremunt
504 2911 587 2965 duros
604 2911 737 2965 nudantia
755 2912 861 2979 dentes,

169 2987 249 3056 longe
267 2987 320 3040 alio
338 2987 428 3041 sonitu
446 2987 521 3041 rabie
539 2988 667 3041 restricta
685 2987 831 3054 minantur,
977 3005 1025 3043 0000

169 3068 198 3119 00
216 3082 277 3119 curn
295 3065 349 3118 iam
367 3064 470 3118 latrant
488 3066 518 3118 et
534 3064 646 3118 vocibus
665 3063 754 3117 omnia
772 3065 917 3133 complent.

169 3144 199 3196 et
216 3142 322 3195 catulos
339 3140 440 3194 blande
458 3159 520 3195 eum
537 3141 630 3208 lingua
646 3140 767 3194 lambere
786 3144 922 3210 temptant

169 3221 217 3272 aut
235 3218 281 3271 ubi
300 3234 347 3272 0οο
365 3217 468 3272 iactant
484 3217 603 3286 podibus
620 3233 768 3286 morsuque
786 3211 912 3286 petentes
