<?xml version="1.0" encoding="UTF-8"?>
<!DOCTYPE html PUBLIC "-//W3C//DTD XHTML 1.0 Transitional//EN"
    "http://www.w3.org/TR/xhtml1/DTD/xhtml1-transitional.dtd">
<html xmlns="http://www.w3.org/1999/xhtml" xml:lang="en" lang="en">
 <head>
  <title>
</title>
<meta http-equiv="Content-Type" content="text/html;charset=utf-8" />
  <meta name='ocr-system' content='tesseract 3.04.00' />
  <meta name='ocr-capabilities' content='ocr_page ocr_carea ocr_par ocr_line ocrx_word'/>
</head>
<body>
  <div class='ocr_page' id='page_1' title='image "./tlucreticarider11carugoog_0155.png"; bbox 0 0 2252 3530; ppageno 0'>
   <div class='ocr_carea' id='block_1_1' title="bbox 579 129 1037 192">
    <p class='ocr_par' dir='ltr' id='par_1_1' title="bbox 579 129 1037 192">
     <span class='ocr_line' id='line_1_1' title="bbox 579 129 1037 192; baseline 0.009 -5"><span class='ocrx_word' id='word_1_1' title='bbox 579 131 652 187; x_wconf 87' lang='lat' dir='ltr'>IIII</span> <span class='ocrx_word' id='word_1_2' title='bbox 761 129 764 133; x_wconf 78' lang='grc'><strong>’</strong></span> <span class='ocrx_word' id='word_1_3' title='bbox 980 136 1037 192; x_wconf 83' lang='grc'>109</span> 
     </span>
    </p>
   </div>
   <div class='ocr_carea' id='block_1_2' title="bbox 123 228 1039 3274">
    <p class='ocr_par' dir='ltr' id='par_1_2' title="bbox 191 228 860 305">
     <span class='ocr_line' id='line_1_2' title="bbox 191 228 860 305; baseline 0.013 -23"><span class='ocrx_word' id='word_1_4' title='bbox 191 228 315 297; x_wconf 84' lang='lat' dir='ltr'>offngere,</span> <span class='ocrx_word' id='word_1_5' title='bbox 334 248 454 285; x_wconf 84' lang='lat' dir='ltr'>errorem</span> <span class='ocrx_word' id='word_1_6' title='bbox 472 233 614 303; x_wconf 76' lang='lat' dir='ltr'>vitareque</span> <span class='ocrx_word' id='word_1_7' title='bbox 632 241 860 305; x_wconf 79' lang='lat' dir='ltr'>praemetuentor,</span> 
     </span>
    </p>

    <p class='ocr_par' dir='ltr' id='par_1_3' title="bbox 147 305 1039 461">
     <span class='ocr_line' id='line_1_3' title="bbox 190 305 1039 382; baseline 0.016 -25"><span class='ocrx_word' id='word_1_8' title='bbox 190 305 291 359; x_wconf 85' lang='lat' dir='ltr'>lumina</span> <span class='ocrx_word' id='word_1_9' title='bbox 309 323 343 360; x_wconf 91' lang='lat' dir='ltr'>ue</span> <span class='ocrx_word' id='word_1_10' title='bbox 361 308 444 362; x_wconf 84' lang='lat' dir='ltr'>facias</span> <span class='ocrx_word' id='word_1_11' title='bbox 462 310 600 364; x_wconf 83' lang='lat' dir='ltr'>oculorum</span> <span class='ocrx_word' id='word_1_12' title='bbox 618 312 690 366; x_wconf 86' lang='lat' dir='ltr'>clara</span> <span class='ocrx_word' id='word_1_13' title='bbox 707 318 807 382; x_wconf 86' lang='lat' dir='ltr'>creata,</span> <span class='ocrx_word' id='word_1_14' title='bbox 1001 333 1039 372; x_wconf 69' lang='lat' dir='ltr'>aas</span> 
     </span>
     <span class='ocr_line' id='line_1_4' title="bbox 147 384 947 461; baseline 0.013 -24"><span class='ocrx_word' id='word_1_15' title='bbox 147 405 178 437; x_wconf 74' lang='lat' dir='ltr'>aa</span> <span class='ocrx_word' id='word_1_16' title='bbox 190 384 344 452; x_wconf 82' lang='lat' dir='ltr'>prospicere</span> <span class='ocrx_word' id='word_1_17' title='bbox 363 388 395 437; x_wconf 93' lang='lat' dir='ltr'>ut</span> <span class='ocrx_word' id='word_1_18' title='bbox 412 402 559 454; x_wconf 78' lang='lat' dir='ltr'>possemne,</span> <span class='ocrx_word' id='word_1_19' title='bbox 577 391 605 442; x_wconf 90' lang='lat' dir='ltr'>et</span> <span class='ocrx_word' id='word_1_20' title='bbox 623 392 654 442; x_wconf 92' lang='lat' dir='ltr'>ut</span> <span class='ocrx_word' id='word_1_21' title='bbox 672 391 795 457; x_wconf 85' lang='lat' dir='ltr'>proferre</span> <span class='ocrx_word' id='word_1_22' title='bbox 812 409 947 461; x_wconf 79' lang='lat' dir='ltr'>queamus</span> 
     </span>
    </p>

    <p class='ocr_par' dir='ltr' id='par_1_4' title="bbox 190 461 740 532">
     <span class='ocr_line' id='line_1_5' title="bbox 190 461 740 532; baseline 0.016 -21"><span class='ocrx_word' id='word_1_23' title='bbox 190 476 317 527; x_wconf 86' lang='lat' dir='ltr'>proceros</span> <span class='ocrx_word' id='word_1_24' title='bbox 335 477 437 529; x_wconf 90' lang='lat' dir='ltr'>passus,</span> <span class='ocrx_word' id='word_1_25' title='bbox 456 461 518 516; x_wconf 88' lang='lat' dir='ltr'>ideo</span> <span class='ocrx_word' id='word_1_26' title='bbox 536 464 644 532; x_wconf 76' lang='lat' dir='ltr'>fastigia</span> <span class='ocrx_word' id='word_1_27' title='bbox 661 482 740 532; x_wconf 87' lang='lat' dir='ltr'>posse</span> 
     </span>
    </p>

    <p class='ocr_par' dir='ltr' id='par_1_5' title="bbox 190 538 899 614">
     <span class='ocr_line' id='line_1_6' title="bbox 190 538 899 614; baseline 0.018 -27"><span class='ocrx_word' id='word_1_28' title='bbox 190 552 312 589; x_wconf 88' lang='lat' dir='ltr'>surarum</span> <span class='ocrx_word' id='word_1_29' title='bbox 333 555 363 592; x_wconf 82' lang='lat' dir='ltr'>aa</span> <span class='ocrx_word' id='word_1_30' title='bbox 381 538 511 592; x_wconf 87' lang='lat' dir='ltr'>feminum</span> <span class='ocrx_word' id='word_1_31' title='bbox 530 541 646 609; x_wconf 90' lang='lat' dir='ltr'>pedibus</span> <span class='ocrx_word' id='word_1_32' title='bbox 664 542 780 598; x_wconf 86' lang='lat' dir='ltr'>fundata</span> <span class='ocrx_word' id='word_1_33' title='bbox 797 545 899 614; x_wconf 82' lang='lat' dir='ltr'>plicari,</span> 
     </span>
    </p>

    <p class='ocr_par' dir='ltr' id='par_1_6' title="bbox 189 612 867 688">
     <span class='ocr_line' id='line_1_7' title="bbox 189 612 867 688; baseline 0.016 -23"><span class='ocrx_word' id='word_1_34' title='bbox 189 612 315 667; x_wconf 84' lang='lat' dir='ltr'>bracchia</span> <span class='ocrx_word' id='word_1_35' title='bbox 332 617 391 667; x_wconf 90' lang='lat' dir='ltr'>tum</span> <span class='ocrx_word' id='word_1_36' title='bbox 409 631 491 684; x_wconf 88' lang='lat' dir='ltr'>porro</span> <span class='ocrx_word' id='word_1_37' title='bbox 509 616 605 670; x_wconf 87' lang='lat' dir='ltr'>validis</span> <span class='ocrx_word' id='word_1_38' title='bbox 624 634 657 671; x_wconf 85' lang='lat' dir='ltr'>ex</span> <span class='ocrx_word' id='word_1_39' title='bbox 676 623 741 688; x_wconf 86' lang='lat' dir='ltr'>apta</span> <span class='ocrx_word' id='word_1_40' title='bbox 759 621 867 676; x_wconf 83' lang='lat' dir='ltr'>lacertis</span> 
     </span>
    </p>

    <p class='ocr_par' dir='ltr' id='par_1_7' title="bbox 190 691 1038 768">
     <span class='ocr_line' id='line_1_8' title="bbox 190 691 1038 768; baseline 0.014 -26"><span class='ocrx_word' id='word_1_41' title='bbox 190 706 249 743; x_wconf 85' lang='lat' dir='ltr'>esse</span> <span class='ocrx_word' id='word_1_42' title='bbox 266 707 414 758; x_wconf 86' lang='lat' dir='ltr'>manusque</span> <span class='ocrx_word' id='word_1_43' title='bbox 433 691 512 746; x_wconf 85' lang='lat' dir='ltr'>datas</span> <span class='ocrx_word' id='word_1_44' title='bbox 530 696 647 762; x_wconf 87' lang='lat' dir='ltr'>utraque</span> <span class='ocrx_word' id='word_1_45' title='bbox 664 711 699 748; x_wconf 76' lang='lat' dir='ltr'>ea</span> <span class='ocrx_word' id='word_1_46' title='bbox 716 701 795 764; x_wconf 88' lang='lat' dir='ltr'>parto</span> <span class='ocrx_word' id='word_1_47' title='bbox 813 699 957 768; x_wconf 86' lang='lat' dir='ltr'>ministras,</span> <span class='ocrx_word' id='word_1_48' title='bbox 1001 715 1038 754; x_wconf 71' lang='lat' dir='ltr'>roo</span> 
     </span>
    </p>

    <p class='ocr_par' dir='ltr' id='par_1_8' title="bbox 189 765 908 840">
     <span class='ocr_line' id='line_1_9' title="bbox 189 765 908 840; baseline 0.014 -22"><span class='ocrx_word' id='word_1_49' title='bbox 189 768 222 819; x_wconf 91' lang='lat' dir='ltr'>ut</span> <span class='ocrx_word' id='word_1_50' title='bbox 238 765 328 820; x_wconf 83' lang='lat' dir='ltr'>faeere</span> <span class='ocrx_word' id='word_1_51' title='bbox 346 766 484 821; x_wconf 81' lang='lat' dir='ltr'>advitam</span> <span class='ocrx_word' id='word_1_52' title='bbox 502 785 643 838; x_wconf 87' lang='lat' dir='ltr'>possemus</span> <span class='ocrx_word' id='word_1_53' title='bbox 662 789 731 840; x_wconf 84' lang='lat' dir='ltr'>quae</span> <span class='ocrx_word' id='word_1_54' title='bbox 749 774 820 827; x_wconf 87' lang='lat' dir='ltr'>foret</span> <span class='ocrx_word' id='word_1_55' title='bbox 837 791 908 828; x_wconf 88' lang='lat' dir='ltr'>usus.</span> 
     </span>
    </p>

    <p class='ocr_par' dir='ltr' id='par_1_9' title="bbox 190 843 984 919">
     <span class='ocr_line' id='line_1_10' title="bbox 190 843 984 919; baseline 0.011 -24"><span class='ocrx_word' id='word_1_56' title='bbox 190 846 281 896; x_wconf 89' lang='lat' dir='ltr'>cetera</span> <span class='ocrx_word' id='word_1_57' title='bbox 300 843 334 896; x_wconf 90' lang='lat' dir='ltr'>de</span> <span class='ocrx_word' id='word_1_58' title='bbox 352 844 520 911; x_wconf 82' lang='lat' dir='ltr'>generehoo</span> <span class='ocrx_word' id='word_1_59' title='bbox 537 845 609 899; x_wconf 87' lang='lat' dir='ltr'>inter</span> <span class='ocrx_word' id='word_1_60' title='bbox 627 864 813 918; x_wconf 84' lang='lat' dir='ltr'>quaecumque</span> <span class='ocrx_word' id='word_1_61' title='bbox 831 854 984 919; x_wconf 81' lang='lat' dir='ltr'>protantur,</span> 
     </span>
    </p>

    <p class='ocr_par' dir='ltr' id='par_1_10' title="bbox 189 919 831 994">
     <span class='ocr_line' id='line_1_11' title="bbox 189 919 831 994; baseline 0.012 -23"><span class='ocrx_word' id='word_1_62' title='bbox 189 919 277 972; x_wconf 82' lang='lat' dir='ltr'>omnia</span> <span class='ocrx_word' id='word_1_63' title='bbox 294 936 424 988; x_wconf 83' lang='lat' dir='ltr'>perversa</span> <span class='ocrx_word' id='word_1_64' title='bbox 441 925 619 991; x_wconf 89' lang='lat' dir='ltr'>praepostera</span> <span class='ocrx_word' id='word_1_65' title='bbox 637 928 701 978; x_wconf 90' lang='lat' dir='ltr'>sunt</span> <span class='ocrx_word' id='word_1_66' title='bbox 718 927 831 994; x_wconf 84' lang='lat' dir='ltr'>ratione,</span> 
     </span>
    </p>

    <p class='ocr_par' dir='ltr' id='par_1_11' title="bbox 188 995 878 1070">
     <span class='ocr_line' id='line_1_12' title="bbox 188 995 878 1070; baseline 0.013 -23"><span class='ocrx_word' id='word_1_67' title='bbox 188 995 226 1047; x_wconf 89' lang='lat' dir='ltr'>nil</span> <span class='ocrx_word' id='word_1_68' title='bbox 244 995 306 1049; x_wconf 91' lang='lat' dir='ltr'>ideo</span> <span class='ocrx_word' id='word_1_69' title='bbox 325 999 452 1064; x_wconf 86' lang='lat' dir='ltr'>quoniam</span> <span class='ocrx_word' id='word_1_70' title='bbox 470 1001 592 1052; x_wconf 76' lang='lat' dir='ltr'>natumst</span> <span class='ocrx_word' id='word_1_71' title='bbox 610 999 638 1052; x_wconf 91' lang='lat' dir='ltr'>in</span> <span class='ocrx_word' id='word_1_72' title='bbox 656 1017 770 1070; x_wconf 87' lang='lat' dir='ltr'>corpore</span> <span class='ocrx_word' id='word_1_73' title='bbox 788 1005 820 1055; x_wconf 93' lang='lat' dir='ltr'>ut</span> <span class='ocrx_word' id='word_1_74' title='bbox 837 1005 878 1056; x_wconf 91' lang='lat' dir='ltr'>uti</span> 
     </span>
    </p>

    <p class='ocr_par' dir='ltr' id='par_1_12' title="bbox 123 1073 1037 1210">
     <span class='ocr_line' id='line_1_13' title="bbox 188 1073 1037 1145; baseline 0.013 -22"><span class='ocrx_word' id='word_1_75' title='bbox 188 1088 335 1139; x_wconf 86' lang='lat' dir='ltr'>possemus,</span> <span class='ocrx_word' id='word_1_76' title='bbox 355 1073 404 1126; x_wconf 87' lang='lat' dir='ltr'>sed</span> <span class='ocrx_word' id='word_1_77' title='bbox 423 1073 496 1142; x_wconf 92' lang='lat' dir='ltr'>quod</span> <span class='ocrx_word' id='word_1_78' title='bbox 513 1078 636 1128; x_wconf 82' lang='lat' dir='ltr'>natumst</span> <span class='ocrx_word' id='word_1_79' title='bbox 653 1077 681 1128; x_wconf 90' lang='lat' dir='ltr'>id</span> <span class='ocrx_word' id='word_1_80' title='bbox 699 1083 826 1145; x_wconf 83' lang='lat' dir='ltr'>procreat</span> <span class='ocrx_word' id='word_1_81' title='bbox 844 1096 930 1132; x_wconf 78' lang='lat' dir='ltr'>usum.</span> <span class='ocrx_word' id='word_1_82' title='bbox 1001 1097 1037 1134; x_wconf 79' lang='lat' dir='ltr'>aas</span> 
     </span>
     <span class='ocr_line' id='line_1_14' title="bbox 123 1148 860 1210; baseline 0.014 -12"><span class='ocrx_word' id='word_1_83' title='bbox 123 1204 126 1210; x_wconf 47' lang='grc'>,</span> <span class='ocrx_word' id='word_1_84' title='bbox 188 1165 238 1200; x_wconf 87' lang='lat' dir='ltr'>nee</span> <span class='ocrx_word' id='word_1_85' title='bbox 255 1148 309 1202; x_wconf 90' lang='lat' dir='ltr'>fuit</span> <span class='ocrx_word' id='word_1_86' title='bbox 326 1153 390 1202; x_wconf 89' lang='lat' dir='ltr'>ante</span> <span class='ocrx_word' id='word_1_87' title='bbox 408 1150 502 1204; x_wconf 85' lang='lat' dir='ltr'>videro</span> <span class='ocrx_word' id='word_1_88' title='bbox 521 1151 658 1205; x_wconf 88' lang='lat' dir='ltr'>oculorum</span> <span class='ocrx_word' id='word_1_89' title='bbox 676 1152 778 1206; x_wconf 80' lang='lat' dir='ltr'>turnino</span> <span class='ocrx_word' id='word_1_90' title='bbox 796 1159 860 1208; x_wconf 83' lang='lat' dir='ltr'>natu</span> 
     </span>
    </p>

    <p class='ocr_par' dir='ltr' id='par_1_13' title="bbox 189 1225 880 1299">
     <span class='ocr_line' id='line_1_15' title="bbox 189 1225 880 1299; baseline 0.012 -23"><span class='ocrx_word' id='word_1_91' title='bbox 189 1240 239 1276; x_wconf 89' lang='lat' dir='ltr'>neo</span> <span class='ocrx_word' id='word_1_92' title='bbox 257 1225 337 1277; x_wconf 84' lang='lat' dir='ltr'>dietis</span> <span class='ocrx_word' id='word_1_93' title='bbox 354 1241 432 1279; x_wconf 89' lang='lat' dir='ltr'>orare</span> <span class='ocrx_word' id='word_1_94' title='bbox 449 1227 526 1295; x_wconf 85' lang='lat' dir='ltr'>prius</span> <span class='ocrx_word' id='word_1_95' title='bbox 544 1244 624 1294; x_wconf 91' lang='lat' dir='ltr'>quam</span> <span class='ocrx_word' id='word_1_96' title='bbox 644 1228 735 1296; x_wconf 82' lang='lat' dir='ltr'>lingua</span> <span class='ocrx_word' id='word_1_97' title='bbox 754 1234 880 1299; x_wconf 86' lang='lat' dir='ltr'>orontast,</span> 
     </span>
    </p>

    <p class='ocr_par' dir='ltr' id='par_1_14' title="bbox 189 1299 860 1373">
     <span class='ocr_line' id='line_1_16' title="bbox 189 1299 860 1373; baseline 0.009 -21"><span class='ocrx_word' id='word_1_98' title='bbox 189 1299 238 1352; x_wconf 85' lang='lat' dir='ltr'>sed</span> <span class='ocrx_word' id='word_1_99' title='bbox 256 1301 346 1369; x_wconf 88' lang='lat' dir='ltr'>potius</span> <span class='ocrx_word' id='word_1_100' title='bbox 365 1301 444 1368; x_wconf 86' lang='lat' dir='ltr'>longe</span> <span class='ocrx_word' id='word_1_101' title='bbox 462 1301 569 1369; x_wconf 81' lang='lat' dir='ltr'>linguae</span> <span class='ocrx_word' id='word_1_102' title='bbox 587 1305 734 1369; x_wconf 85' lang='lat' dir='ltr'>praecessit</span> <span class='ocrx_word' id='word_1_103' title='bbox 753 1307 828 1373; x_wconf 84' lang='lat' dir='ltr'>origo</span> <span class='ocrx_word' id='word_1_104' title='bbox 858 1334 860 1340; x_wconf 95' lang='lat'><em>·</em></span> 
     </span>
    </p>

    <p class='ocr_par' dir='ltr' id='par_1_15' title="bbox 189 1377 897 1450">
     <span class='ocr_line' id='line_1_17' title="bbox 189 1377 897 1450; baseline 0.011 -22"><span class='ocrx_word' id='word_1_105' title='bbox 189 1391 340 1429; x_wconf 87' lang='lat' dir='ltr'>sermonem</span> <span class='ocrx_word' id='word_1_106' title='bbox 358 1377 498 1444; x_wconf 88' lang='lat' dir='ltr'>multoque</span> <span class='ocrx_word' id='word_1_107' title='bbox 516 1383 623 1432; x_wconf 81' lang='lat' dir='ltr'>creatae</span> <span class='ocrx_word' id='word_1_108' title='bbox 642 1383 706 1433; x_wconf 86' lang='lat' dir='ltr'>sunt</span> <span class='ocrx_word' id='word_1_109' title='bbox 724 1382 800 1450; x_wconf 88' lang='lat' dir='ltr'>prius</span> <span class='ocrx_word' id='word_1_110' title='bbox 818 1399 897 1437; x_wconf 85' lang='lat' dir='ltr'>aures</span> 
     </span>
    </p>

    <p class='ocr_par' dir='ltr' id='par_1_16' title="bbox 188 1454 1037 1525">
     <span class='ocr_line' id='line_1_18' title="bbox 188 1454 1037 1525; baseline 0.012 -21"><span class='ocrx_word' id='word_1_111' title='bbox 188 1469 269 1520; x_wconf 88' lang='lat' dir='ltr'>quam</span> <span class='ocrx_word' id='word_1_112' title='bbox 283 1469 363 1505; x_wconf 89' lang='lat' dir='ltr'>sonus</span> <span class='ocrx_word' id='word_1_113' title='bbox 375 1457 418 1506; x_wconf 85' lang='lat' dir='ltr'>est</span> <span class='ocrx_word' id='word_1_114' title='bbox 429 1454 545 1521; x_wconf 75' lang='lat' dir='ltr'>auditne,</span> <span class='ocrx_word' id='word_1_115' title='bbox 560 1459 588 1508; x_wconf 89' lang='lat' dir='ltr'>ot</span> <span class='ocrx_word' id='word_1_116' title='bbox 600 1456 691 1508; x_wconf 87' lang='lat' dir='ltr'>omnia</span> <span class='ocrx_word' id='word_1_117' title='bbox 704 1457 820 1525; x_wconf 89' lang='lat' dir='ltr'>denique</span> <span class='ocrx_word' id='word_1_118' title='bbox 833 1459 956 1513; x_wconf 87' lang='lat' dir='ltr'>membra</span> <span class='ocrx_word' id='word_1_119' title='bbox 1000 1476 1037 1514; x_wconf 72' lang='lat' dir='ltr'>sao</span> 
     </span>
    </p>

    <p class='ocr_par' dir='ltr' id='par_1_17' title="bbox 188 1529 915 1600">
     <span class='ocr_line' id='line_1_19' title="bbox 188 1529 915 1600; baseline 0.008 -18"><span class='ocrx_word' id='word_1_120' title='bbox 188 1532 252 1583; x_wconf 86' lang='lat' dir='ltr'>ante</span> <span class='ocrx_word' id='word_1_121' title='bbox 269 1529 352 1594; x_wconf 81' lang='lat' dir='ltr'>fuere,</span> <span class='ocrx_word' id='word_1_122' title='bbox 371 1533 402 1582; x_wconf 92' lang='lat' dir='ltr'>ut</span> <span class='ocrx_word' id='word_1_123' title='bbox 419 1529 521 1597; x_wconf 87' lang='lat' dir='ltr'>opinor,</span> <span class='ocrx_word' id='word_1_124' title='bbox 534 1547 634 1591; x_wconf 29' lang='lat' dir='ltr'>,eornm</span> <span class='ocrx_word' id='word_1_125' title='bbox 655 1549 735 1600; x_wconf 85' lang='lat' dir='ltr'>quam</span> <span class='ocrx_word' id='word_1_126' title='bbox 754 1533 826 1587; x_wconf 81' lang='lat' dir='ltr'>foret</span> <span class='ocrx_word' id='word_1_127' title='bbox 843 1550 915 1588; x_wconf 87' lang='lat' dir='ltr'>usus.</span> 
     </span>
    </p>

    <p class='ocr_par' dir='ltr' id='par_1_18' title="bbox 187 1604 850 1673">
     <span class='ocr_line' id='line_1_20' title="bbox 187 1604 850 1673; baseline 0.006 -15"><span class='ocrx_word' id='word_1_128' title='bbox 187 1605 259 1658; x_wconf 84' lang='lat' dir='ltr'>haud</span> <span class='ocrx_word' id='word_1_129' title='bbox 278 1604 361 1672; x_wconf 87' lang='lat' dir='ltr'>igitur</span> <span class='ocrx_word' id='word_1_130' title='bbox 377 1608 491 1673; x_wconf 86' lang='lat' dir='ltr'>potuero</span> <span class='ocrx_word' id='word_1_131' title='bbox 508 1607 604 1659; x_wconf 86' lang='lat' dir='ltr'>utendi</span> <span class='ocrx_word' id='word_1_132' title='bbox 623 1624 746 1661; x_wconf 75' lang='lat' dir='ltr'>erescere</span> <span class='ocrx_word' id='word_1_133' title='bbox 765 1625 850 1663; x_wconf 85' lang='lat' dir='ltr'>eausa.</span> 
     </span>
    </p>

    <p class='ocr_par' dir='ltr' id='par_1_19' title="bbox 188 1681 862 1754">
     <span class='ocr_line' id='line_1_21' title="bbox 188 1681 862 1754; baseline 0.007 -20"><span class='ocrx_word' id='word_1_134' title='bbox 188 1684 217 1734; x_wconf 80' lang='lat' dir='ltr'>at</span> <span class='ocrx_word' id='word_1_135' title='bbox 235 1686 330 1734; x_wconf 80' lang='lat' dir='ltr'>eontra</span> <span class='ocrx_word' id='word_1_136' title='bbox 348 1681 470 1735; x_wconf 85' lang='lat' dir='ltr'>conferre</span> <span class='ocrx_word' id='word_1_137' title='bbox 488 1699 569 1735; x_wconf 90' lang='lat' dir='ltr'>manu</span> <span class='ocrx_word' id='word_1_138' title='bbox 588 1685 738 1736; x_wconf 88' lang='lat' dir='ltr'>certamina</span> <span class='ocrx_word' id='word_1_139' title='bbox 755 1702 862 1754; x_wconf 83' lang='lat' dir='ltr'>pugnae</span> 
     </span>
    </p>

    <p class='ocr_par' dir='ltr' id='par_1_20' title="bbox 188 1757 878 1826">
     <span class='ocr_line' id='line_1_22' title="bbox 188 1757 878 1826; baseline 0.006 -15"><span class='ocrx_word' id='word_1_140' title='bbox 188 1760 217 1811; x_wconf 87' lang='lat' dir='ltr'>ot</span> <span class='ocrx_word' id='word_1_141' title='bbox 234 1757 351 1810; x_wconf 84' lang='lat' dir='ltr'>lacerare</span> <span class='ocrx_word' id='word_1_142' title='bbox 368 1761 444 1810; x_wconf 88' lang='lat' dir='ltr'>artus</span> <span class='ocrx_word' id='word_1_143' title='bbox 462 1757 625 1826; x_wconf 83' lang='lat' dir='ltr'>foedareque</span> <span class='ocrx_word' id='word_1_144' title='bbox 643 1760 766 1813; x_wconf 84' lang='lat' dir='ltr'>membru</span> <span class='ocrx_word' id='word_1_145' title='bbox 784 1777 878 1816; x_wconf 84' lang='lat' dir='ltr'>eruore</span> 
     </span>
    </p>

    <p class='ocr_par' dir='ltr' id='par_1_21' title="bbox 134 1834 1036 1980">
     <span class='ocr_line' id='line_1_23' title="bbox 188 1834 1036 1906; baseline 0.012 -21"><span class='ocrx_word' id='word_1_146' title='bbox 188 1837 252 1886; x_wconf 87' lang='lat' dir='ltr'>ante</span> <span class='ocrx_word' id='word_1_147' title='bbox 270 1834 321 1886; x_wconf 85' lang='lat' dir='ltr'>suit</span> <span class='ocrx_word' id='word_1_148' title='bbox 339 1834 424 1892; x_wconf 80' lang='lat' dir='ltr'>nurlto</span> <span class='ocrx_word' id='word_1_149' title='bbox 442 1851 523 1903; x_wconf 85' lang='lat' dir='ltr'>quam</span> <span class='ocrx_word' id='word_1_150' title='bbox 542 1835 632 1888; x_wconf 87' lang='lat' dir='ltr'>lucida</span> <span class='ocrx_word' id='word_1_151' title='bbox 650 1836 706 1888; x_wconf 89' lang='lat' dir='ltr'>tola</span> <span class='ocrx_word' id='word_1_152' title='bbox 721 1837 853 1906; x_wconf 73' lang='lat' dir='ltr'>¹volarent,</span> <span class='ocrx_word' id='word_1_153' title='bbox 999 1856 1036 1895; x_wconf 77' lang='lat' dir='ltr'>ste</span> 
     </span>
     <span class='ocr_line' id='line_1_24' title="bbox 134 1910 775 1980; baseline 0.006 -17"><span class='ocrx_word' id='word_1_154' title='bbox 134 1966 141 1978; x_wconf 39' lang='lat'>⁸</span> <span class='ocrx_word' id='word_1_155' title='bbox 188 1912 217 1963; x_wconf 88' lang='lat' dir='ltr'>et</span> <span class='ocrx_word' id='word_1_156' title='bbox 234 1910 327 1962; x_wconf 86' lang='lat' dir='ltr'>volnus</span> <span class='ocrx_word' id='word_1_157' title='bbox 346 1910 432 1963; x_wconf 76' lang='lat' dir='ltr'>uitare</span> <span class='ocrx_word' id='word_1_158' title='bbox 450 1911 524 1978; x_wconf 88' lang='lat' dir='ltr'>prius</span> <span class='ocrx_word' id='word_1_159' title='bbox 544 1915 643 1965; x_wconf 85' lang='lat' dir='ltr'>natura</span> <span class='ocrx_word' id='word_1_160' title='bbox 661 1913 750 1980; x_wconf 77' lang='lat' dir='ltr'>coegit</span> <span class='ocrx_word' id='word_1_161' title='bbox 773 1923 775 1926; x_wconf 83' lang='lat'>&#39;</span> 
     </span>
    </p>

    <p class='ocr_par' dir='ltr' id='par_1_22' title="bbox 188 1985 916 2057">
     <span class='ocr_line' id='line_1_25' title="bbox 188 1985 916 2057; baseline 0.008 -19"><span class='ocrx_word' id='word_1_162' title='bbox 188 2002 268 2054; x_wconf 89' lang='lat' dir='ltr'>quam</span> <span class='ocrx_word' id='word_1_163' title='bbox 287 1987 367 2040; x_wconf 82' lang='lat' dir='ltr'>daret</span> <span class='ocrx_word' id='word_1_164' title='bbox 384 1985 520 2040; x_wconf 82' lang='lat' dir='ltr'>obiectum</span> <span class='ocrx_word' id='word_1_165' title='bbox 538 1989 643 2056; x_wconf 87' lang='lat' dir='ltr'>parmai</span> <span class='ocrx_word' id='word_1_166' title='bbox 661 1989 737 2043; x_wconf 77' lang='lat' dir='ltr'>laeva</span> <span class='ocrx_word' id='word_1_167' title='bbox 754 2006 804 2057; x_wconf 85' lang='lat' dir='ltr'>per</span> <span class='ocrx_word' id='word_1_168' title='bbox 822 1994 916 2044; x_wconf 86' lang='lat' dir='ltr'>artem.</span> 
     </span>
    </p>

    <p class='ocr_par' dir='ltr' id='par_1_23' title="bbox 188 2061 823 2134">
     <span class='ocr_line' id='line_1_26' title="bbox 188 2061 823 2134; baseline 0.009 -21"><span class='ocrx_word' id='word_1_169' title='bbox 188 2061 289 2116; x_wconf 83' lang='lat' dir='ltr'>scilieet</span> <span class='ocrx_word' id='word_1_170' title='bbox 307 2071 335 2116; x_wconf 84' lang='lat' dir='ltr'>ot</span> <span class='ocrx_word' id='word_1_171' title='bbox 352 2063 452 2116; x_wconf 86' lang='lat' dir='ltr'>sessum</span> <span class='ocrx_word' id='word_1_172' title='bbox 471 2081 569 2133; x_wconf 88' lang='lat' dir='ltr'>eorpus</span> <span class='ocrx_word' id='word_1_173' title='bbox 588 2065 718 2118; x_wconf 87' lang='lat' dir='ltr'>mandare</span> <span class='ocrx_word' id='word_1_174' title='bbox 737 2066 823 2134; x_wconf 80' lang='lat' dir='ltr'>quieti</span> 
     </span>
    </p>

    <p class='ocr_par' dir='ltr' id='par_1_24' title="bbox 187 2139 890 2209">
     <span class='ocr_line' id='line_1_27' title="bbox 187 2139 890 2209; baseline 0.009 -19"><span class='ocrx_word' id='word_1_175' title='bbox 187 2139 271 2190; x_wconf 82' lang='lat' dir='ltr'>nmito</span> <span class='ocrx_word' id='word_1_176' title='bbox 289 2139 426 2206; x_wconf 87' lang='lat' dir='ltr'>antiquius</span> <span class='ocrx_word' id='word_1_177' title='bbox 445 2143 487 2192; x_wconf 90' lang='lat' dir='ltr'>est</span> <span class='ocrx_word' id='word_1_178' title='bbox 505 2157 586 2208; x_wconf 89' lang='lat' dir='ltr'>quam</span> <span class='ocrx_word' id='word_1_179' title='bbox 604 2141 668 2194; x_wconf 86' lang='lat' dir='ltr'>lecti</span> <span class='ocrx_word' id='word_1_180' title='bbox 686 2142 777 2194; x_wconf 86' lang='lat' dir='ltr'>mollia</span> <span class='ocrx_word' id='word_1_181' title='bbox 795 2146 890 2209; x_wconf 86' lang='lat' dir='ltr'>strata,</span> 
     </span>
    </p>

    <p class='ocr_par' dir='ltr' id='par_1_25' title="bbox 187 2214 1035 2285">
     <span class='ocr_line' id='line_1_28' title="bbox 187 2214 1035 2285; baseline 0.008 -19"><span class='ocrx_word' id='word_1_182' title='bbox 187 2217 215 2268; x_wconf 87' lang='lat' dir='ltr'>et</span> <span class='ocrx_word' id='word_1_183' title='bbox 233 2214 329 2268; x_wconf 87' lang='lat' dir='ltr'>sedare</span> <span class='ocrx_word' id='word_1_184' title='bbox 347 2215 420 2266; x_wconf 89' lang='lat' dir='ltr'>sitim</span> <span class='ocrx_word' id='word_1_185' title='bbox 438 2215 513 2283; x_wconf 85' lang='lat' dir='ltr'>prius</span> <span class='ocrx_word' id='word_1_186' title='bbox 532 2219 575 2268; x_wconf 89' lang='lat' dir='ltr'>est</span> <span class='ocrx_word' id='word_1_187' title='bbox 593 2233 673 2284; x_wconf 86' lang='lat' dir='ltr'>quam</span> <span class='ocrx_word' id='word_1_188' title='bbox 692 2217 787 2285; x_wconf 88' lang='lat' dir='ltr'>pocula</span> <span class='ocrx_word' id='word_1_189' title='bbox 805 2221 906 2272; x_wconf 83' lang='lat' dir='ltr'>natum.</span> <span class='ocrx_word' id='word_1_190' title='bbox 999 2233 1035 2273; x_wconf 82' lang='lat' dir='ltr'>sto</span> 
     </span>
    </p>

    <p class='ocr_par' dir='ltr' id='par_1_26' title="bbox 186 2290 823 2357">
     <span class='ocr_line' id='line_1_29' title="bbox 186 2290 823 2357; baseline 0.005 -16"><span class='ocrx_word' id='word_1_191' title='bbox 186 2290 252 2343; x_wconf 88' lang='lat' dir='ltr'>haee</span> <span class='ocrx_word' id='word_1_192' title='bbox 269 2290 353 2357; x_wconf 77' lang='lat' dir='ltr'>igitur</span> <span class='ocrx_word' id='word_1_193' title='bbox 371 2295 484 2357; x_wconf 85' lang='lat' dir='ltr'>possunt</span> <span class='ocrx_word' id='word_1_194' title='bbox 501 2291 597 2343; x_wconf 88' lang='lat' dir='ltr'>utendi</span> <span class='ocrx_word' id='word_1_195' title='bbox 616 2292 724 2357; x_wconf 81' lang='lat' dir='ltr'>cognita</span> <span class='ocrx_word' id='word_1_196' title='bbox 742 2309 823 2344; x_wconf 83' lang='lat' dir='ltr'>causa</span> 
     </span>
    </p>

    <p class='ocr_par' dir='ltr' id='par_1_27' title="bbox 186 2366 853 2435">
     <span class='ocr_line' id='line_1_30' title="bbox 186 2366 853 2435; baseline 0.003 -17"><span class='ocrx_word' id='word_1_197' title='bbox 186 2366 298 2432; x_wconf 78' lang='lat' dir='ltr'>crudior,</span> <span class='ocrx_word' id='word_1_198' title='bbox 317 2383 349 2418; x_wconf 87' lang='lat' dir='ltr'>ex</span> <span class='ocrx_word' id='word_1_199' title='bbox 369 2383 506 2433; x_wconf 87' lang='lat' dir='ltr'>usuquae</span> <span class='ocrx_word' id='word_1_200' title='bbox 525 2370 589 2432; x_wconf 83' lang='lat' dir='ltr'>sunt</span> <span class='ocrx_word' id='word_1_201' title='bbox 606 2367 717 2434; x_wconf 81' lang='lat' dir='ltr'>vitaque</span> <span class='ocrx_word' id='word_1_202' title='bbox 735 2373 853 2435; x_wconf 85' lang='lat' dir='ltr'>reperta.</span> 
     </span>
    </p>

    <p class='ocr_par' dir='ltr' id='par_1_28' title="bbox 185 2442 945 2512">
     <span class='ocr_line' id='line_1_31' title="bbox 185 2442 945 2512; baseline 0.004 -18"><span class='ocrx_word' id='word_1_203' title='bbox 185 2442 232 2494; x_wconf 91' lang='lat' dir='ltr'>ilia</span> <span class='ocrx_word' id='word_1_204' title='bbox 250 2443 359 2511; x_wconf 90' lang='lat' dir='ltr'>quidem</span> <span class='ocrx_word' id='word_1_205' title='bbox 379 2459 499 2494; x_wconf 84' lang='lat' dir='ltr'>seorsum</span> <span class='ocrx_word' id='word_1_206' title='bbox 518 2446 581 2495; x_wconf 84' lang='lat' dir='ltr'>sunt</span> <span class='ocrx_word' id='word_1_207' title='bbox 599 2442 688 2510; x_wconf 84' lang='lat' dir='ltr'>omnia</span> <span class='ocrx_word' id='word_1_208' title='bbox 705 2459 775 2510; x_wconf 84' lang='lat' dir='ltr'>quae</span> <span class='ocrx_word' id='word_1_209' title='bbox 792 2444 868 2511; x_wconf 88' lang='lat' dir='ltr'>prius</span> <span class='ocrx_word' id='word_1_210' title='bbox 885 2444 945 2512; x_wconf 87' lang='lat' dir='ltr'>ipsa</span> 
     </span>
    </p>

    <p class='ocr_par' dir='ltr' id='par_1_29' title="bbox 185 2517 826 2587">
     <span class='ocr_line' id='line_1_32' title="bbox 185 2517 826 2587; baseline 0 -17"><span class='ocrx_word' id='word_1_211' title='bbox 185 2522 249 2570; x_wconf 88' lang='lat' dir='ltr'>nata</span> <span class='ocrx_word' id='word_1_212' title='bbox 268 2517 370 2571; x_wconf 85' lang='lat' dir='ltr'>dedere</span> <span class='ocrx_word' id='word_1_213' title='bbox 388 2534 452 2571; x_wconf 82' lang='lat' dir='ltr'>suae</span> <span class='ocrx_word' id='word_1_214' title='bbox 470 2521 532 2587; x_wconf 88' lang='lat' dir='ltr'>post</span> <span class='ocrx_word' id='word_1_215' title='bbox 551 2519 674 2571; x_wconf 88' lang='lat' dir='ltr'>notitiam</span> <span class='ocrx_word' id='word_1_216' title='bbox 693 2518 826 2571; x_wconf 83' lang='lat' dir='ltr'>utilitatis.</span> 
     </span>
    </p>

    <p class='ocr_par' dir='ltr' id='par_1_30' title="bbox 185 2594 1035 2664">
     <span class='ocr_line' id='line_1_33' title="bbox 185 2594 1035 2664; baseline 0.005 -18"><span class='ocrx_word' id='word_1_217' title='bbox 185 2610 237 2660; x_wconf 92' lang='lat' dir='ltr'>quo</span> <span class='ocrx_word' id='word_1_218' title='bbox 255 2611 355 2662; x_wconf 79' lang='lat' dir='ltr'>genere</span> <span class='ocrx_word' id='word_1_219' title='bbox 374 2596 399 2646; x_wconf 90' lang='lat' dir='ltr'>in</span> <span class='ocrx_word' id='word_1_220' title='bbox 420 2594 513 2664; x_wconf 84' lang='lat' dir='ltr'>primis</span> <span class='ocrx_word' id='word_1_221' title='bbox 532 2611 627 2647; x_wconf 85' lang='lat' dir='ltr'>sensus</span> <span class='ocrx_word' id='word_1_222' title='bbox 645 2598 673 2647; x_wconf 91' lang='lat' dir='ltr'>et</span> <span class='ocrx_word' id='word_1_223' title='bbox 691 2595 814 2647; x_wconf 84' lang='lat' dir='ltr'>membra</span> <span class='ocrx_word' id='word_1_224' title='bbox 832 2595 970 2660; x_wconf 86' lang='lat' dir='ltr'>videmus;</span> <span class='ocrx_word' id='word_1_225' title='bbox 999 2611 1035 2650; x_wconf 73' lang='lat' dir='ltr'>aas</span> 
     </span>
    </p>

    <p class='ocr_par' dir='ltr' id='par_1_31' title="bbox 184 2670 989 2739">
     <span class='ocr_line' id='line_1_34' title="bbox 184 2670 989 2739; baseline 0.002 -17"><span class='ocrx_word' id='word_1_226' title='bbox 184 2687 269 2738; x_wconf 87' lang='lat' dir='ltr'>quare</span> <span class='ocrx_word' id='word_1_227' title='bbox 281 2671 364 2724; x_wconf 87' lang='lat' dir='ltr'>etiam</span> <span class='ocrx_word' id='word_1_228' title='bbox 378 2675 460 2738; x_wconf 87' lang='lat' dir='ltr'>atque</span> <span class='ocrx_word' id='word_1_229' title='bbox 474 2671 557 2724; x_wconf 84' lang='lat' dir='ltr'>otiam</span> <span class='ocrx_word' id='word_1_230' title='bbox 570 2671 664 2739; x_wconf 86' lang='lat' dir='ltr'>prooul</span> <span class='ocrx_word' id='word_1_231' title='bbox 677 2673 720 2724; x_wconf 91' lang='lat' dir='ltr'>est</span> <span class='ocrx_word' id='word_1_232' title='bbox 732 2674 764 2723; x_wconf 92' lang='lat' dir='ltr'>ut</span> <span class='ocrx_word' id='word_1_233' title='bbox 776 2670 889 2724; x_wconf 84' lang='lat' dir='ltr'>credero</span> <span class='ocrx_word' id='word_1_234' title='bbox 901 2671 989 2739; x_wconf 85' lang='lat' dir='ltr'>possis</span> 
     </span>
    </p>

    <p class='ocr_par' dir='ltr' id='par_1_32' title="bbox 184 2745 762 2815">
     <span class='ocr_line' id='line_1_35' title="bbox 184 2745 762 2815; baseline 0 -17"><span class='ocrx_word' id='word_1_235' title='bbox 184 2747 311 2800; x_wconf 89' lang='lat' dir='ltr'>utilitatis</span> <span class='ocrx_word' id='word_1_236' title='bbox 330 2747 364 2800; x_wconf 87' lang='lat' dir='ltr'>ob</span> <span class='ocrx_word' id='word_1_237' title='bbox 383 2747 498 2800; x_wconf 84' lang='lat' dir='ltr'>officium</span> <span class='ocrx_word' id='word_1_238' title='bbox 516 2748 637 2815; x_wconf 81' lang='lat' dir='ltr'>potuisse</span> <span class='ocrx_word' id='word_1_239' title='bbox 655 2745 762 2815; x_wconf 72' lang='lat' dir='ltr'>creari]</span> 
     </span>
    </p>

    <p class='ocr_par' dir='ltr' id='par_1_33' title="bbox 219 2821 920 2898">
     <span class='ocr_line' id='line_1_36' title="bbox 219 2821 920 2898; baseline 0.001 -23"><span class='ocrx_word' id='word_1_240' title='bbox 219 2821 306 2892; x_wconf 86' lang='lat' dir='ltr'>[illud</span> <span class='ocrx_word' id='word_1_241' title='bbox 323 2823 391 2876; x_wconf 90' lang='lat' dir='ltr'>item</span> <span class='ocrx_word' id='word_1_242' title='bbox 409 2840 462 2877; x_wconf 91' lang='lat' dir='ltr'>non</span> <span class='ocrx_word' id='word_1_243' title='bbox 481 2827 524 2877; x_wconf 82' lang='lat' dir='ltr'>est</span> <span class='ocrx_word' id='word_1_244' title='bbox 541 2821 703 2888; x_wconf 84' lang='lat' dir='ltr'>mirandum,</span> <span class='ocrx_word' id='word_1_245' title='bbox 723 2824 843 2898; x_wconf 85' lang='lat' dir='ltr'>corporis</span> <span class='ocrx_word' id='word_1_246' title='bbox 860 2823 920 2891; x_wconf 83' lang='lat' dir='ltr'>ipsa</span> 
     </span>
    </p>

    <p class='ocr_par' dir='ltr' id='par_1_34' title="bbox 185 2898 924 2968">
     <span class='ocr_line' id='line_1_37' title="bbox 185 2898 924 2968; baseline 0.001 -17"><span class='ocrx_word' id='word_1_247' title='bbox 185 2898 260 2968; x_wconf 86' lang='lat' dir='ltr'>quod</span> <span class='ocrx_word' id='word_1_248' title='bbox 277 2903 375 2952; x_wconf 88' lang='lat' dir='ltr'>natura</span> <span class='ocrx_word' id='word_1_249' title='bbox 393 2899 482 2952; x_wconf 86' lang='lat' dir='ltr'>cibum</span> <span class='ocrx_word' id='word_1_250' title='bbox 501 2900 608 2968; x_wconf 87' lang='lat' dir='ltr'>quaerit</span> <span class='ocrx_word' id='word_1_251' title='bbox 626 2899 755 2967; x_wconf 79' lang='lat' dir='ltr'>urinaque</span> <span class='ocrx_word' id='word_1_252' title='bbox 773 2899 924 2952; x_wconf 85' lang='lat' dir='ltr'>animantis.</span> 
     </span>
    </p>

    <p class='ocr_par' dir='ltr' id='par_1_35' title="bbox 184 2975 1034 3045">
     <span class='ocr_line' id='line_1_38' title="bbox 184 2975 1034 3045; baseline 0.007 -18"><span class='ocrx_word' id='word_1_253' title='bbox 184 2975 285 3044; x_wconf 87' lang='lat' dir='ltr'>quippe</span> <span class='ocrx_word' id='word_1_254' title='bbox 297 2977 396 3028; x_wconf 84' lang='lat' dir='ltr'>etenim</span> <span class='ocrx_word' id='word_1_255' title='bbox 409 2975 494 3029; x_wconf 85' lang='lat' dir='ltr'>fluere</span> <span class='ocrx_word' id='word_1_256' title='bbox 505 2979 589 3045; x_wconf 86' lang='lat' dir='ltr'>atque</span> <span class='ocrx_word' id='word_1_257' title='bbox 601 2975 730 3029; x_wconf 84' lang='lat' dir='ltr'>recodere</span> <span class='ocrx_word' id='word_1_258' title='bbox 743 2991 856 3043; x_wconf 80' lang='lat' dir='ltr'>corpora</span> <span class='ocrx_word' id='word_1_259' title='bbox 867 2975 948 3028; x_wconf 90' lang='lat' dir='ltr'>rebus</span> <span class='ocrx_word' id='word_1_260' title='bbox 998 2993 1034 3033; x_wconf 79' lang='lat' dir='ltr'>sao</span> 
     </span>
    </p>

    <p class='ocr_par' dir='ltr' id='par_1_36' title="bbox 185 3051 914 3120">
     <span class='ocr_line' id='line_1_39' title="bbox 185 3051 914 3120; baseline 0.003 -17"><span class='ocrx_word' id='word_1_261' title='bbox 185 3051 271 3104; x_wconf 87' lang='lat' dir='ltr'>multa</span> <span class='ocrx_word' id='word_1_262' title='bbox 288 3051 376 3104; x_wconf 89' lang='lat' dir='ltr'>modis</span> <span class='ocrx_word' id='word_1_263' title='bbox 394 3051 487 3104; x_wconf 83' lang='lat' dir='ltr'>multis</span> <span class='ocrx_word' id='word_1_264' title='bbox 505 3052 592 3119; x_wconf 88' lang='lat' dir='ltr'>docui,</span> <span class='ocrx_word' id='word_1_265' title='bbox 610 3051 660 3106; x_wconf 84' lang='lat' dir='ltr'>sed</span> <span class='ocrx_word' id='word_1_266' title='bbox 677 3051 794 3120; x_wconf 86' lang='lat' dir='ltr'>plurima</span> <span class='ocrx_word' id='word_1_267' title='bbox 812 3051 914 3106; x_wconf 88' lang='lat' dir='ltr'>debent</span> 
     </span>
    </p>

    <p class='ocr_par' dir='ltr' id='par_1_37' title="bbox 184 3126 886 3200">
     <span class='ocr_line' id='line_1_40' title="bbox 184 3126 886 3200; baseline 0.001 -20"><span class='ocrx_word' id='word_1_268' title='bbox 184 3143 219 3180; x_wconf 87' lang='lat' dir='ltr'>ex</span> <span class='ocrx_word' id='word_1_269' title='bbox 237 3127 398 3180; x_wconf 87' lang='lat' dir='ltr'>animalibu’.</span> <span class='ocrx_word' id='word_1_270' title='bbox 416 3145 487 3194; x_wconf 79' lang='lat' dir='ltr'>quae</span> <span class='ocrx_word' id='word_1_271' title='bbox 504 3129 567 3196; x_wconf 83' lang='lat' dir='ltr'>quia</span> <span class='ocrx_word' id='word_1_272' title='bbox 585 3131 648 3182; x_wconf 92' lang='lat' dir='ltr'>sunt</span> <span class='ocrx_word' id='word_1_273' title='bbox 666 3126 787 3180; x_wconf 79' lang='lat' dir='ltr'>exercita</span> <span class='ocrx_word' id='word_1_274' title='bbox 803 3131 886 3200; x_wconf 81' lang='lat' dir='ltr'>motu,</span> 
     </span>
    </p>

    <p class='ocr_par' dir='ltr' id='par_1_38' title="bbox 184 3203 965 3274">
     <span class='ocr_line' id='line_1_41' title="bbox 184 3203 965 3274; baseline 0.003 -18"><span class='ocrx_word' id='word_1_275' title='bbox 184 3203 323 3272; x_wconf 79' lang='lat' dir='ltr'>nurltaquo</span> <span class='ocrx_word' id='word_1_276' title='bbox 340 3220 392 3274; x_wconf 86' lang='lat' dir='ltr'>per</span> <span class='ocrx_word' id='word_1_277' title='bbox 410 3203 537 3257; x_wconf 82' lang='lat' dir='ltr'>sudorem</span> <span class='ocrx_word' id='word_1_278' title='bbox 555 3221 589 3258; x_wconf 87' lang='lat' dir='ltr'>ex</span> <span class='ocrx_word' id='word_1_279' title='bbox 608 3203 664 3258; x_wconf 88' lang='lat' dir='ltr'>alto</span> <span class='ocrx_word' id='word_1_280' title='bbox 681 3219 776 3274; x_wconf 82' lang='lat' dir='ltr'>pressa</span> <span class='ocrx_word' id='word_1_281' title='bbox 793 3204 924 3272; x_wconf 87' lang='lat' dir='ltr'>feruntur,</span> <span class='ocrx_word' id='word_1_282' title='bbox 962 3214 965 3219; x_wconf 84' lang='lat'>&#39;</span> 
     </span>
    </p>
   </div>
   <div class='ocr_carea' id='block_1_3' title="bbox 0 0 1130 3530">
    <p class='ocr_par' dir='ltr' id='par_1_39' title="bbox 0 0 1130 3530">
     <span class='ocr_line' id='line_1_42' title="bbox 0 0 1130 3530; baseline 0 1"><span class='ocrx_word' id='word_1_283' title='bbox 0 0 1130 3530; x_wconf 95' lang='lat' dir='ltr'> </span> 
     </span>
    </p>
   </div>
  </div>
 </body>
</html>
