2234 3526
149 153 205 214 178
544 151 594 207 VI

146 262 190 313 est
207 259 290 313 etiam
307 256 415 325 mugnis
434 256 574 310 Heliconis
591 257 730 313 montibus
747 260 829 314 arbos

146 334 220 388 floris
237 334 321 388 odore
339 332 477 386 hominem
495 335 584 386 taetro
602 339 732 388 consueta
748 353 853 391 necare.

146 411 249 465 seilicet
266 412 333 464 haee
351 409 412 463 ideo
430 409 513 463 terris
531 426 565 463 ex
583 411 674 464 omnia
691 421 815 481 snrgunt,

145 488 232 542 multa
249 486 337 540 modis
354 485 449 539 rnultis
466 486 614 539 multarum
633 488 737 541 semina
754 506 846 543 rerum

145 564 220 634 quod
236 564 374 634 permixta
391 564 463 632 gerit
480 562 562 616 tellus
580 563 754 633 discretaque
772 567 865 621 tradit
959 581 995 622 rao

144 645 359 710 nocturnumque
377 657 472 694 recens
486 640 640 694 extinctum
657 641 749 694 lumen
767 643 814 696 ubi
833 643 888 696 aeri

145 717 240 770 nidore
257 716 371 771 offendit
389 734 476 784 nares,
495 716 618 786 consopit
636 715 747 785 ibidem,

145 794 289 848 concidere
309 798 338 848 et
357 810 466 862 spumas
483 792 531 863 qni
548 793 644 847 morbo
661 795 774 848 mittere
792 795 888 850 suevit.

145 874 324 940 castoreoque
341 870 417 937 gravi
434 870 534 923 mrdier
552 870 642 939 sopita
659 870 795 924 recumbit
992 929 994 933 ,

130 950 175 1004 ,ot
192 948 316 1001 manibus
334 947 453 1000 nitidum
471 947 574 1001 teneris
592 964 660 1016 opus
678 948 763 1001 effluit
781 948 815 1015 ei,
960 963 995 1006 ros

143 1028 268 1094 tompore
287 1041 320 1078 eo
338 1025 360 1078 si
376 1023 519 1078 odoratast
537 1041 591 1092 quo
609 1028 749 1078 menstrua
767 1025 853 1078 solvit.

145 1101 286 1169 multaque
303 1103 447 1169 praeterea
464 1100 621 1168 languentia
638 1100 762 1154 membra
779 1117 829 1169 per
846 1105 924 1155 artus

144 1177 252 1231 solvunt
269 1181 353 1246 atque
370 1177 487 1230 animam
504 1176 671 1231 labefactant
689 1177 799 1231 sedibus
818 1177 898 1231 intus

145 1254 264 1323 denique
282 1255 305 1307 si
323 1255 418 1308 calidis
435 1255 519 1308 etiam
537 1257 665 1307 cunctare
684 1253 803 1308 lavabris

144 1330 249 1399 plenior
265 1335 296 1385 et
312 1331 418 1398 laveris,
436 1331 504 1384 solio
522 1330 653 1384 ferventis
671 1331 752 1399 aquai
958 1346 996 1385 eoo

144 1424 226 1475 quarn
243 1408 322 1461 facile
340 1408 368 1460 in
386 1406 477 1461 medio
495 1407 527 1460 fit
545 1408 587 1460 uti
605 1407 654 1460 des
672 1423 753 1475 saepe
771 1407 877 1462 ruinas!

144 1484 346 1555 carbonumque
363 1483 453 1552 gravis
471 1483 512 1536 vis
529 1486 613 1551 atque
632 1483 699 1537 odor
716 1483 870 1538 insinuatur

144 1577 226 1628 quam
238 1560 317 1614 facile
329 1560 357 1613 in
370 1559 521 1627 cerebrum,
534 1560 586 1613 nisi
599 1577 697 1628 aquarn
709 1561 896 1628 praecepimus
913 1565 992 1616 ante!

143 1641 174 1691 at
191 1653 253 1691 cum
270 1636 392 1690 membra
410 1636 506 1690 domus
522 1637 647 1707 percepit
665 1636 795 1690 fervidior
812 1637 860 1705 vis,

144 1717 204 1767 tum
222 1713 255 1767 lit
272 1713 339 1766 odor
357 1713 408 1766 viri
426 1713 522 1782 plagae
540 1714 693 1768 mactabilis
710 1714 803 1767 instar.
958 1729 995 1768 eos

144 1807 234 1844 nonne
252 1790 329 1843 vides
347 1791 430 1844 etiam
448 1794 523 1844 terra
541 1807 649 1859 qnoque
668 1790 763 1858 sulpur
779 1791 807 1843 in
825 1790 885 1860 ipsa

144 1867 249 1934 gignier
267 1870 296 1920 et
313 1870 404 1920 taetro
422 1883 595 1919 concrescere
613 1866 697 1919 odore
714 1866 854 1933 bitumen;

145 1941 265 2010 deniquo
284 1941 330 1994 ubi
347 1944 456 2010 argenti
473 1959 556 1995 venas
574 1943 688 2010 aurique
706 1947 842 2010 secuntur,
916 1943 919 1949 '

144 2019 228 2072 terrai
246 2018 356 2086 penitus
374 2021 527 2071 scrutantes
545 2017 641 2072 abdita
658 2019 738 2080 ferro,

144 2094 232 2164 qualis
250 2094 357 2164 expiret
375 2094 552 2162 Scaptensula
570 2094 665 2148 subter
683 2096 797 2151 odores?
956 2113 994 2152 aro

144 2172 246 2242 quidve
264 2171 328 2225 mali
346 2171 378 2224 fit
396 2174 428 2224 nt
446 2170 576 2224 exhalent
593 2176 690 2226 aurata
707 2173 830 2228 metalla!

71 2245 90 2290 ·'
144 2267 212 2318 quas
229 2241 368 2302 hominum
387 2246 509 2301 reddunt
527 2247 610 2302 iacies
628 2248 770 2318 qualisque
788 2250 904 2306 colores!

144 2344 233 2382 nonne
250 2326 328 2381 vides
345 2325 458 2378 audisve
475 2325 566 2394 perire
583 2325 610 2377 in
629 2330 752 2395 tempore
768 2343 853 2395 parvo

145 2421 224 2477 quam
244 2402 349 2459 soleant
367 2406 396 2456 et
413 2419 494 2472 quam
513 2402 578 2456 vitai
596 2403 674 2472 eopia
693 2403 772 2472 desit,

145 2501 213 2554 quos
231 2497 312 2552 opere
330 2480 359 2534 in
376 2479 425 2534 tali
443 2478 552 2534 cohibet
570 2479 611 2533 vis
629 2497 726 2548 magna
743 2481 879 2536 necessisl
956 2497 993 2539 ers

144 2561 193 2614 lios
210 2559 295 2628 igitur
313 2558 394 2614 tellus
411 2558 498 2612 omnis
516 2560 659 2612 exaestuat
677 2561 769 2612 aestus

123 2651 126 2655 '
145 2637 307 2706 expiratque
324 2636 397 2690 foras
415 2634 442 2689 in
460 2637 586 2705 apertum
605 2637 785 2707 promptaque
804 2635 878 2690 caeli.

179 2714 224 2770 Sic
242 2717 271 2770 et
289 2712 399 2766 Averna
415 2710 474 2767 laea
491 2710 602 2766 alitibus
620 2711 790 2766 summittere
808 2711 910 2767 debent

66 2859 68 2866 Ι
144 2789 311 2848 mortiferam
330 2787 392 2854 vim,
412 2786 447 2844 de
465 2791 541 2844 terra
559 2804 629 2856 quae
648 2788 736 2855 surgit
753 2789 780 2844 in
799 2805 886 2855 auras,

144 2871 177 2923 ut
194 2866 312 2935 spatium
330 2865 396 2922 caeli
414 2864 532 2938 quadam
549 2864 585 2919 de
602 2869 681 2935 parte
699 2868 829 2930 venenet3
957 2880 995 2920 sao

146 2959 200 3012 quo
217 2941 296 2995 simul
314 2958 346 2994 ac
363 2940 480 3010 primum
498 2941 593 3010 pennis
612 2941 703 2995 dolata
721 2942 757 2994 sit
774 2940 836 3010 ales,

145 3017 312 3087 impediatur
329 3017 367 3070 ibi
384 3034 464 3071 caeco
481 3021 607 3087 correpta
624 3033 732 3082 veneno,

144 3096 178 3146 ut
195 3092 276 3145 eadat
293 3108 309 3144 e
326 3093 436 3160 regione
453 3094 512 3160 loci,
530 3111 583 3162 qua
601 3093 703 3162 derigit
719 3098 819 3149 aestus.

142 3169 200 3236 'quo
217 3183 278 3222 curn
297 3169 410 3238 conruit,
429 3168 473 3223 hie
491 3171 587 3229 endem
605 3171 646 3225 vis
663 3169 735 3224 illius
754 3175 846 3224 aestus

146 3242 274 3310 reliquias
291 3242 364 3297 vitae
381 3245 510 3300 membris
528 3263 562 3300 ex
581 3246 705 3300 omnibns
723 3247 819 3303 aufert.
957 3262 996 3302 sas
