2252 3530
535 147 607 204 1111
947 150 998 208 103

144 251 361 320 chordarumque
380 268 459 306 sonos
478 252 536 306 lieri
554 252 696 321 dulcisque
713 252 858 322 querellas,
1026 319 1030 326 ι

143 327 213 393 tibia
232 345 299 398 quas
316 328 406 382 fundit
425 328 519 396 digitis
536 329 645 396 pulsata
663 332 817 396 canentum,
966 343 1000 397 ssa

145 409 173 459 et
191 422 276 472 genus
294 405 441 473 agricolum
459 404 515 459 lato
535 406 691 473 sentiscere,
710 423 792 474 quom
812 405 869 458 Pan

144 482 225 550 pinea
243 483 361 536 semiferi
380 483 475 550 capitis
494 483 628 536 velamina
646 499 776 552 quassans

143 575 213 612 unco
232 575 312 626 saepe
330 558 406 611 labro
425 557 541 612 calamos
559 559 695 627 percurrit
713 557 821 625 hiantis,

144 635 236 689 fistula
254 635 407 688 silvestrem
426 651 460 688 ue
478 639 567 689 cesset
585 635 701 689 sundere
719 651 832 688 mnsam.

124 766 127 771 .
143 715 235 766 cetera
247 712 282 765 de
294 728 396 780 genere
409 711 460 766 hoe
472 715 594 765 monstra
605 729 636 766 ac
648 714 776 780 portenta
788 711 942 780 loquentur,
965 725 1002 766 sao

142 805 178 842 ne
195 788 254 842 loca
271 787 383 842 deserta
401 787 436 840 ab
454 788 524 841 divis
544 805 652 858 quoque
670 788 743 842 sorte
760 791 894 857 putentur

143 865 201 919 sola
218 868 321 919 tenere
339 865 401 918 ideo
419 865 523 919 iactant
541 865 672 918 miracula
690 864 770 918 dictis

143 946 191 996 aut
210 942 299 1011 aliqua
316 941 422 995 ratione
440 940 494 994 alia
511 941 656 1008 ducuntur,
675 945 707 994 ut
725 957 805 994 omne

143 1017 290 1070 humanum
306 1034 394 1085 genus
412 1021 456 1072 est
473 1018 583 1071 avidum
601 1018 681 1071 nimis
699 1017 888 1071 auricularum.

180 1094 258 1159 Quod
277 1099 408 1162 superest,
426 1111 480 1148 non
498 1098 541 1148 est
559 1094 713 1148 mirandum
732 1110 786 1162 qua
804 1093 918 1160 ratione,
966 1107 1002 1146 59⁵

143 1187 194 1240 per
211 1171 270 1224 loca
288 1187 358 1238 quae
376 1175 517 1239 noqueunt
535 1170 605 1224 oculi
623 1187 667 1224 res
685 1179 797 1225 eernere
816 1173 932 1238 apertas,

142 1247 210 1301 haec
228 1247 286 1300 loca
303 1263 353 1315 per
371 1264 451 1300 voces
469 1249 580 1301 veniant
597 1247 725 1316 aurisque
743 1247 885 1300 lacessant.

142 1324 314 1393 conloquium
333 1325 430 1377 clausis
448 1324 551 1377 foribus
570 1339 678 1392 quoque
697 1340 777 1392 saepe
795 1322 927 1388 videmus,

142 1402 269 1454 nimirum
288 1402 352 1470 quia
370 1419 421 1454 vor
439 1418 489 1468 per
507 1401 577 1454 flexa
593 1401 726 1454 foramina
743 1417 834 1454 rerum

141 1478 281 1531 incolumis
299 1478 415 1532 transire
434 1480 534 1546 potest,
552 1477 695 1530 simulacra
713 1480 849 1530 renutant.
965 1491 1000 1529 oon

141 1555 354 1625 perscinduntur
372 1554 450 1620 enim,
469 1553 520 1606 nisi
539 1557 615 1607 reeta
632 1553 764 1606 formnina
781 1555 900 1618 tranant,

143 1632 234 1700 qualia
251 1633 317 1685 suut
333 1631 421 1698 vitrei,
440 1631 545 1699 species
564 1648 618 1699 qua
635 1630 754 1683 travolat
772 1629 866 1684 omnis.

142 1712 287 1777 praeterea
304 1709 391 1777 partis
408 1708 435 1760 in
455 1711 567 1761 cunctas
583 1706 715 1761 dividitur
733 1723 791 1772 vox,

143 1803 177 1838 ex
195 1785 254 1838 aliis
272 1784 340 1838 aliae
358 1785 484 1852 quoniam
503 1783 659 1852 gignuntur,
677 1782 724 1836 ubi
743 1799 797 1836 una

142 1859 261 1917 dissiluit
279 1860 362 1916 semel
380 1861 407 1913 in
426 1859 526 1913 multas
545 1864 647 1927 exorta,
667 1859 744 1928 quasi
761 1859 831 1926 ignis
965 1873 1001 1912 oet

142 1955 223 2008 saepe
240 1939 311 1993 solet
329 1935 445 1992 scintilla
464 1952 525 1989 suos
544 1952 573 1988 se
592 1952 721 2002 spargere
739 1934 767 1988 in
785 1935 863 2008 ignis.

141 2031 206 2082 crgo
224 2015 365 2084 replentur
382 2013 440 2067 loca
458 2012 575 2078 vocibus,
594 2011 689 2065 abdita
706 2015 782 2064 reiro

141 2090 232 2143 onmia
250 2107 320 2159 quae
338 2089 438 2142 circum
456 2087 568 2141 fervunt
585 2087 730 2156 sonituque
748 2087 861 2141 cientur.

141 2169 170 2220 at
188 2167 332 2220 simulacra
348 2165 400 2218 viis
417 2165 537 2218 derectis
555 2163 643 2216 omnia
661 2163 779 2216 tendunt

140 2246 172 2296 ut
191 2247 254 2296 sunt
271 2243 353 2294 missa
371 2239 470 2304 semel;
488 2244 656 2308 quapropter
674 2256 785 2293 cenrere
803 2255 882 2291 nomo
963 2253 1000 2292 oio

139 2335 249 2386 saepem
266 2318 339 2370 ultra
357 2317 429 2385 potis
447 2318 496 2382 est,
515 2320 545 2369 at
563 2333 642 2368 voees
660 2316 783 2382 accipere
801 2319 887 2368 extra.

141 2399 170 2449 ct
181 2399 274 2448 tamen
285 2393 344 2462 ipsa
354 2408 463 2461 quoque
472 2392 546 2456 haec,
557 2392 621 2444 dum
631 2391 732 2444 transit
741 2389 831 2443 clausa
841 2389 1000 2444 domoram‘

141 2489 194 2542 vox
213 2469 375 2539 optunditm·
392 2473 474 2536 atque
493 2468 566 2520 auris
585 2468 696 2520 confusa
712 2468 840 2534 penetrat

141 2552 170 2603 et
189 2548 306 2602 sonitum
323 2545 416 2614 potius
434 2561 516 2613 quam
534 2543 617 2598 verba
635 2543 731 2596 audire
749 2542 880 2596 videmur.

176 2625 202 2678 N
205 2642 242 2690 ec,
261 2623 306 2692 qui
326 2621 458 2675 sentimus
477 2637 578 2688 sucum,
596 2621 689 2689 lingua
707 2624 790 2688 atque
808 2618 929 2688 palatum
964 2633 1000 2670 om

141 2701 293 2772 plusculum
310 2698 414 2752 liabent
430 2699 458 2752 in
477 2715 506 2752 se
524 2697 637 2751 rationis
655 2697 715 2766 plus
734 2712 870 2764 operaeoe.

140 2777 272 2847 principio
291 2793 384 2829 sucum
403 2775 536 2830 sentimus
553 2774 582 2828 in
601 2791 655 2840 ore,
675 2773 765 2827 cibum
785 2790 846 2826 curn

141 2854 296 2908 mandendo
314 2853 498 2921 exprimimus,
517 2870 568 2907 ceu
585 2851 692 2922 plenam
712 2851 853 2919 spongiam
872 2849 953 2918 aquai

133 2931 226 2999 *siquis
243 2930 315 2983 forte
333 2946 415 2982 manu
433 2945 559 2999 premere
577 2945 609 2983 ac
627 2929 728 2982 siccare
747 2927 843 2994 coepit.

140 3007 204 3060 inde
222 3006 296 3076 quod
314 3005 491 3075 exprimimus
508 3011 559 3074 per
577 3005 668 3058 caulas
686 3019 764 3057 omno
782 3002 868 3073 palati
963 3019 999 3060 oto

141 3083 248 3137 diditur
265 3087 294 3136 et
312 3099 391 3135 rarae
408 3083 539 3151 perplexa
557 3081 689 3135 foramina
706 3079 823 3148 linguae.

141 3160 191 3214 hoc
209 3159 257 3213 ubi
274 3160 345 3214 levia
363 3163 427 3212 sunt
444 3159 580 3212 manantis
598 3174 711 3228 corpora
729 3157 795 3224 suci,

142 3236 262 3290 suaviter
281 3237 421 3302 attingunt
440 3239 469 3288 et
487 3235 607 3288 suaviter
624 3233 714 3286 omnia
732 3237 853 3288 tractant
