2244 3532
568 147 614 200 xiii

216 279 275 329 453.
310 291 421 345 prorsus
433 277 573 332 adsentior
590 279 722 334 Lambiuo
739 279 811 334 hunc
828 296 938 334 versum
950 281 1013 336 siei-

162 360 227 414 enti.
263 360 453 417 Lachmannus
468 380 518 432 pro
530 376 611 423 QUOD
628 367 737 436 scripsit
752 384 814 420 cum
832 367 870 422 M.
890 368 1013 438 Hauptio

162 447 251 514 quasi.
279 447 302 500 si
314 446 349 500 de
361 449 465 517 liquido
477 467 612 519 papavere
622 452 666 506 hic
678 454 777 521 agitur,
790 453 958 522 ineptissima
970 459 1013 510 est

163 534 314 598 sententia;
331 535 373 587 sin
385 539 476 590 autom
489 536 525 592 de
537 538 631 607 solido,
643 540 718 593 falso.

214 625 363 676 460-463.
400 621 498 677 dehis
518 624 643 678 versibus
663 626 801 694 disputavi
822 627 850 680 in
868 644 929 682 unn.
947 627 1013 696 phil.

163 705 241 760 Ount.
263 721 274 760 1
297 724 324 776 p.
348 713 389 762 39.
424 707 453 761 in
475 725 585 764 versum
606 717 657 765 466
682 723 761 763 SAXA
780 729 815 766 ex
839 715 890 769 447
911 711 1011 766 malum

162 792 262 861 pedem
290 794 416 850 attulisse
446 796 562 850 videtur.
611 799 676 851 olim
706 799 882 853 scribendum
910 800 1012 854 conieci

157 879 262 947 fauces,
287 881 360 949 quod
385 883 536 938 sentcntiae
565 888 641 939 certe
670 886 736 939 sutis
766 887 840 940 facit.
864 887 1012 940 Lachman-

162 979 213 1018 nus
224 982 284 1020 sese.
304 972 355 1022 462
367 969 494 1023 facillima
503 970 693 1025 emendatione
702 987 751 1041 pro
764 983 903 1024 sunum
915 972 1012 1041 scripsi

161 1049 202 1102 sic
213 1050 310 1104 lcitum.
337 1051 527 1108 Lachmannus
539 1055 567 1108 in
579 1061 628 1111 461
643 1073 693 1125 pro
705 1068 841 1109 vrnnmus
853 1056 922 1126 legit
933 1073 1012 1111 vene-

162 1144 259 1190 numst
271 1141 300 1192 et
312 1137 340 1192 in
352 1144 404 1193 462
415 1141 465 1198 sed
474 1159 580 1196 rarum
591 1159 642 1213 pro
654 1155 802 1198 SEDATUM.

214 1229 265 1278 465
277 1239 327 1293 pro
339 1238 434 1282 Dnnun
445 1213 546 1297 ¹scripsi
560 1230 664 1284 habeto.
684 1231 874 1284 Lachmunnus
886 1230 1010 1295 habehim

163 1311 237 1381 quod
248 1313 339 1367 verius
351 1317 433 1383 putat
446 1330 528 1382 quom
540 1314 655 1382 periisse
667 1331 783 1369 versum.

215 1405 265 1457 467
288 1401 351 1454 libri
375 1411 425 1450 nso
440 1411 459 1452 n
473 1411 600 1452 nuvious
613 1412 710 1458 Ancon
730 1413 876 1455 eorunm.
912 1402 1010 1456 horum

162 1487 354 1542 vocabulorum
371 1492 479 1557 partem
497 1491 573 1540 certe
590 1503 606 1540 e
624 1487 807 1555 praecedente
825 1505 907 1542 versu
925 1488 1011 1558 irrep-

161 1573 228 1626 sisse
251 1577 373 1642 uppurct.
411 1573 601 1626 Laehmannus
625 1573 684 1639 Eut,
705 1579 730 1626 et
755 1573 852 1627 levibu'
870 1580 938 1626 sunt
957 1575 1010 1628 ali-

164 1659 244 1712 unde.
281 1659 444 1727 Bernaysius
456 1658 515 1726 Est,
533 1665 558 1712 et
570 1659 702 1725 squalido
713 1665 781 1712 eunt
793 1659 859 1712 illie.
889 1663 926 1722 et,
938 1675 1010 1713 eom-

161 1749 256 1814 parato
269 1751 327 1812 469,
339 1745 470 1812 squalida
488 1745 600 1814 quidem
617 1746 800 1799 necessarium
817 1745 943 1812 videtur;
961 1745 1011 1800 sed

162 1831 349 1884 ‘mirationem
360 1831 464 1884 faciunt
482 1831 541 1883 illa’
560 1847 680 1898 corporo
699 1831 810 1899 doloris,
827 1832 878 1886 hoc
890 1834 941 1898 est,
953 1850 1009 1886 cor·

161 1933 228 1985 pora
247 1933 317 1986 quae
336 1917 439 1971 faciunt
461 1916 589 1970 dolorem.
626 1933 711 1986 quaro
730 1933 839 1971 versum
861 1917 899 1970 sic
918 1916 1009 1985 potius

162 2001 284 2070 supplevi
297 2002 355 2069 Est,
367 2009 393 2054 ct
404 2001 535 2068 squalido
547 2002 639 2055 muita
651 2009 756 2056 creant.

214 2089 359 2144 471—477.
404 2088 549 2141 emendata
575 2088 792 2155 interpunctione
815 2087 1009 2157 geminataque

161 2189 215 2226 una
226 2173 348 2228 litterula
360 2173 419 2244 (pro
431 2185 490 2233 QUO
501 2185 594 2224 MAGIS
610 2173 705 2241 scripsi
721 2189 806 2240 quom
824 2175 925 2240 meato)
937 2174 1009 2228 hune

161 2258 256 2327 locum,
268 2260 320 2314 nisi
333 2260 418 2327 fallor,
431 2260 564 2329 expedivi.
601 2260 795 2325 Lachmannus,
807 2263 858 2317 476
875 2264 939 2314 ante
957 2263 1008 2318 474

161 2344 296 2412 collocato,
318 2345 409 2399 effecit
431 2349 525 2399 tamen
548 2344 722 2398 durissimam
743 2346 873 2399 orationis
891 2349 979 2400 struet
998 2381 1008 2388 -

161 2445 227 2482 rom.

211 2521 262 2572 483
286 2533 335 2585 pro
367 2529 427 2576 Qun
449 2529 484 2570 ΙΝ
514 2516 610 2585 scripsi
641 2516 785 2583 quoniam.
819 2516 1007 2573 Lachmannus

159 2599 293 2669 Namque
304 2602 400 2656 eodem
411 2603 508 2657 unius.
527 2603 560 2656 cf.
573 2619 633 2656 ann.
646 2601 710 2670 phil.
724 2602 804 2656 Cant.
818 2616 829 2655 1
841 2619 867 2672 p.
880 2608 923 2658 32.

212 2687 279 2743 Post
303 2695 351 2743 501
377 2694 444 2759 puto
468 2689 623 2743 huiusmodi
644 2689 816 2743 intercidisse
841 2708 950 2744 versum
969 2693 1007 2747 Et

159 2791 228 2840 quos
241 2776 389 2829 comodum
407 2776 440 2828 in
458 2776 524 2829 solio
539 2776 598 2829 luce
612 2774 720 2830 colores.
749 2781 800 2828 502
819 2775 1008 2831 Lachmannus

158 2861 268 2930 Aureo,
276 2880 307 2930 p.
322 2879 346 2916 r.
360 2862 476 2915 imitata
487 2864 503 2917 i.

212 2951 261 3006 517
273 2965 324 3019 pro
336 2961 429 3001 OMNIS
445 2959 523 3000 ΕΝΙΜ
536 2948 601 3003 dedi
613 2947 732 3028 Eutime
743 2948 827 3003 euim.
859 2948 1007 3002 Lachman-
1111 2997 1113 3020 Ι

159 3050 210 3088 nus
222 3035 321 3089 Ambit
336 3035 420 3088 euim.
456 3037 580 3088 ceterum
596 3038 647 3085 515
666 3031 834 3086 Lachmanni
850 3033 1007 3100 iterumue
1111 3069 1113 3118 k

158 3137 208 3189 pro
228 3133 391 3180 mummolini
412 3136 465 3173 non
487 3119 635 3174 admodum
659 3118 756 3186 placet,
780 3135 946 3188 quamquam
969 3119 1007 3173 nil

159 3207 256 3260 melius
268 3208 364 3261 afferre
378 3223 494 3275 possum.
