2244 3532
123 135 160 190 26
439 130 571 222 ἵνα(
612 167 686 210 ,A

118 234 282 300 finitumque
300 231 379 298 foret,
360 231 451 284 tiam
469 231 554 302 copia
565 167 761 294 maurium

118 309 240 378 undique
257 273 424 376 ponderibus
443 307 537 361 solidis
556 307 692 362 confluxet
710 307 773 362 ad
765 325 851 362 rmum

117 402 169 439 neo
186 402 230 438 res
248 385 304 438 ulla
320 384 380 453 geri
398 384 448 438 snb
466 385 533 438 caeli
551 384 674 451 tegmine
692 388 786 453 posset
1109 419 1110 480 p

118 478 168 515 nec
184 461 257 515 foret
274 461 381 514 omuino
400 461 505 515 eaelum
516 476 614 548 'peqne
634 459 738 513 lumina
756 459 828 528 solis,
1109 483 1110 530 ι

118 537 220 606 quippo
236 535 283 590 ubi
301 537 432 590 materies
450 534 537 589 omnis
556 536 696 590 cumulata
713 536 817 590 iaceret
941 550 977 589 oco

117 629 152 667 cx
170 612 277 666 infinito
248 611 349 666 toiam
367 615 492 680 tempore
511 611 685 665 subsidendo.
812 606 889 711 ‘s

116 692 147 743 at
163 705 235 742 uunc
252 688 380 741 nimirum
398 689 507 756 requies
526 687 592 740 data
610 687 805 756 principiorum

117 764 275 834 corporibus
292 763 401 831 nullast,
420 764 484 832 quia
501 763 539 816 nil
558 766 601 816 est
619 761 743 816 funditus
761 763 846 816 imum
1110 737 1112 816 i

117 856 172 907 quo
190 841 267 909 quasi
286 839 422 894 confluere
440 843 470 892 et
487 838 568 893 sedes
588 838 636 893 ubi
654 855 756 908 ponere
773 840 885 908 possint
1051 901 1053 904 ¹

118 932 225 985 sempor
242 917 271 968 in
289 915 404 969 adsiduo
423 917 564 970 moturos
584 931 709 984 quaeque
726 919 860 982 genantur
938 929 975 968 oss
1112 947 1113 972 ι

115 988 241 1060 partibus¹
258 1008 273 1045 e
290 991 394 1045 cunctis
412 991 573 1059 iufemaque
591 991 802 1059 suppeditantur

117 1083 152 1120 ex
169 1067 277 1121 infinito
295 1067 350 1122 cita
368 1083 482 1136 corpora
498 1067 633 1122 materiai.

116 1146 256 1211 postremo
274 1146 338 1198 ante
356 1143 448 1197 oculos
466 1159 511 1197 res
530 1158 588 1196 rem
607 1135 685 1194 finire
703 1141 780 1196 videt
768 1146 830 1207 ιιιι,

117 1235 165 1273 ιιι
183 1219 315 1288 dissaepit
333 1219 408 1273 collis
426 1220 510 1286 atque
529 1233 593 1272 sera
609 1221 725 1285 montes,

117 1299 192 1349 terra
208 1312 285 1348 mare
302 1298 332 1348 et
348 1297 443 1347 contra
460 1310 536 1348 mare
554 1295 644 1347 terras
661 1294 792 1347 terminat
809 1292 975 1358 omuis31ooo

116 1387 196 1424 omne
215 1371 327 1439 quidem
345 1387 409 1424 vcro
426 1369 464 1422 nil
483 1373 526 1424 est
544 1369 618 1437 quod
635 1369 714 1423 finiet
732 1373 817 1423 extra.

116 1450 160 1501 est
177 1447 263 1514 igitur
279 1450 377 1500 natura
394 1446 447 1499 loci
465 1446 639 1514 spatiumque
657 1445 802 1521 profundi5
865 1507 882 1528 .

117 1522 191 1591 quod
208 1537 296 1592 uequc
315 1522 387 1576 clara
405 1538 454 1574 suo
473 1537 635 1590 percurrere
654 1522 767 1575 fulmina
785 1513 864 1575 ciirsn

116 1601 251 1666 perpetuo
269 1598 374 1666 possint
392 1598 452 1651 aevi
470 1596 573 1651 labent
553 1600 593 1650 ιιι
611 1599 702 1651 tractu

115 1690 166 1728 nec
183 1690 308 1742 prorsum
325 1673 416 1727 facere
433 1676 466 1727 ut
483 1676 571 1728 restet
592 1674 681 1728 miuus
698 1674 739 1726 ire
757 1673 886 1738 mesnd03
925 1687 975 1730 roos

116 1766 203 1818 usque
220 1750 290 1803 adeo
307 1749 408 1817 passim
426 1752 504 1819 patet
521 1750 617 1816 iugens
639 1749 715 1818 copia
733 1749 816 1814 rebus

116 1826 217 1880 finibus
234 1825 369 1892 exemptis
386 1825 415 1878 in
434 1829 545 1879 cunctas
563 1824 686 1892 undique
703 1825 797 1893 partis.

154 1902 221 1970 Ipsa
239 1900 351 1954 modum
369 1917 452 1970 porro
470 1899 522 1954 sibi
540 1915 632 1954 rerum
651 1916 757 1953 summa
774 1917 872 1968 parare

115 1994 150 2030 ue
167 1977 260 2046 possit,
277 1979 378 2030 natura
395 1979 480 2043 tenet,
501 1993 570 2044 quae
589 1991 688 2044 corpus
707 1974 779 2028 insui

116 2056 146 2106 ot
163 2051 238 2122 ¹(prod
255 2051 335 2105 inane
353 2055 447 2106 autem
465 2054 508 2104 est
526 2051 598 2104 finiri
618 2067 730 2120 corpore
748 2052 830 2121 cogit,
926 2069 974 2108 1oro

116 2132 148 2182 ιιι
167 2128 205 2181 sio
223 2127 335 2181 alteruis
353 2127 460 2181 infinita
477 2127 568 2181 omnia
586 2126 694 2194 reddet,

116 2206 164 2258 aut
182 2203 265 2257 etiam
283 2203 455 2270 alterutrum,
474 2203 526 2256 nisi
544 2202 675 2256 terminet
693 2202 819 2271 altorum,
837 2219 932 2258 eorum

116 2279 238 2348 simplice
255 2284 353 2333 natura
371 2282 466 2349 pateat
482 2282 575 2332 temen
592 2278 799 2333 inmoderatum.

539 2371 557 2406 s

115 2447 167 2486 uec
184 2448 260 2486 mare
277 2449 327 2486 noc
345 2431 428 2485 tellus
445 2447 535 2500 usque
553 2430 622 2485 caeli
639 2430 731 2485 lucida
748 2430 852 2499 templa

115 2524 166 2561 nec
183 2509 299 2562 mortale
316 2525 401 2576 genus
419 2524 470 2561 nco
488 2507 583 2561 divum
601 2523 715 2575 corpora
733 2510 827 2560 sancta
925 2521 974 2562 1015

116 2583 245 2652 exiguum
263 2587 374 2653 possent
362 2583 468 2636 thorai
486 2583 585 2636 sistere
603 2584 718 2650 tempus.

116 2676 180 2714 nam
198 2659 320 2730 dispulsa
339 2675 387 2712 suo
406 2658 441 2712 de
459 2661 540 2712 coetu
557 2658 684 2728 materiai

116 2736 193 2804 copia
210 2735 331 2790 ferretur
348 2751 477 2802 magnum
494 2750 545 2803 per
563 2733 644 2787 inane
662 2719 758 2801 soluta,

117 2811 173 2865 sive
191 2810 261 2866 adeo
278 2811 370 2880 potius
378 2826 536 2899 numquam
554 2813 681 2864 concreta
698 2775 818 2864 credsset

117 2886 200 2940 rdiam
217 2903 284 2955 rem,
303 2886 431 2956 quoniam
448 2887 508 2954 cogi
526 2885 640 2941 disiecta
658 2887 806 2956 nequisset
924 2901 972 2942 loro

116 2978 180 3015 nam
198 2965 274 3016 certe
291 2977 382 3031 neque
400 2962 510 3016 consilio
528 2962 678 3030 primordia
696 2979 788 3016 rerum

118 3037 214 3092 ordine
232 3054 261 3092 se
279 3055 328 3093 suo
346 3055 470 3108 quaeque
489 3038 579 3106 sagaci
596 3043 689 3093 mente
706 3038 830 3091 locarunt

118 3130 168 3167 nec
186 3130 254 3182 quos
272 3131 398 3184 quaeque
410 3117 518 3186 ‘darent
535 3120 629 3168 motus
642 3115 777 3183 pepigero
789 3113 924 3183 profecto,

119 3190 169 3244 sed.
187 3190 251 3258 quie
267 3190 355 3243 multa
371 3190 459 3244 modis
476 3190 571 3243 multis
588 3193 695 3244 mutata
712 3206 763 3259 per
780 3206 860 3244 omne
