2234 3526
584 120 616 178 V
967 125 1021 184 127

169 224 213 278 eui
229 226 338 278 tantum
355 224 384 277 in
401 224 458 278 vita
475 227 564 279 restet
580 227 698 292 transire
716 227 856 282 malorum

170 302 200 353 at
218 301 309 354 variae
327 304 454 354 crescunt
471 300 592 369 pecudes
609 308 733 356 armenta
749 304 877 372 feraeque
953 341 956 349 ·

168 392 219 428 nec
237 375 409 444 crepitacillis
427 392 495 445 opus
513 379 623 430 estnec
641 377 766 445 cuiquam
784 380 965 434 adhibendast

168 452 255 504 almae
273 453 387 506 nutricis
404 452 507 506 blanda
522 456 605 521 atquc
622 455 738 508 infracta
755 456 872 522 loquella
985 473 1021 512 333
1093 489 1097 496 ·

168 545 218 582 333
236 528 324 581 varias
342 533 476 596 quaerunt
493 532 584 582 vestes
601 546 652 598 pro
670 534 794 599 tempore
811 531 886 600 caeli,

169 604 287 672 deniquo
304 621 357 658 uon
376 605 459 658 armis
477 622 544 674 opus
564 609 612 670 est,
630 623 683 660 non
701 606 842 660 moenibus
859 608 929 676 sitia,

168 681 215 748 qui
233 697 282 733 sua
299 684 432 748 tutentur,
451 681 559 749 quande
577 682 702 735 omnibus
721 683 810 735 omnia
827 683 902 752 large

167 755 249 809 tellus
266 756 326 826 ipsa
342 758 416 826 parit
432 761 584 825 naturaque
603 757 718 810 daedala
735 758 845 828 rerum]

204 831 341 902 Principio
359 833 486 901 quoniam
504 833 588 898 terrai
607 849 704 901 corpus
724 837 753 886 et
771 850 849 887 umor
974 849 1022 888 aaa

170 923 352 980 aurarumque
371 909 445 962 leves
462 909 568 962 animae
586 908 721 977 calidique
739 926 861 979 vapores,

168 999 183 1036 e
202 983 300 1053 quibus
317 985 384 1038 haec
402 1001 494 1038 rerum
513 985 662 1039 consistere
680 1002 785 1039 summa
802 985 919 1053 videtur,
972 1050 975 1056 Ι

168 1060 258 1113 omnia
275 1061 367 1114 nativo
384 1078 416 1115 ac
433 1061 542 1114 mortali
561 1078 674 1133 corpore
692 1065 823 1127 constant

99 1188 102 1192 .
169 1135 253 1188 debet
271 1137 367 1190 eodem
384 1138 471 1191 omnis
489 1138 585 1191 muudi
602 1143 700 1191 natura
717 1139 813 1206 putari.

167 1211 269 1281 quippe
281 1213 382 1266 etenim
396 1229 512 1280 quorum
524 1213 611 1282 partis
623 1218 653 1266 et
665 1213 787 1267 membra
799 1215 923 1268 videmus
983 1229 1019 1268 aro

166 1303 280 1357 corpore
297 1289 389 1342 nativo
407 1305 439 1342 ac
456 1285 617 1341 mortalibus
635 1305 694 1342 esse
712 1289 813 1356 figuris,

165 1363 233 1418 haec
251 1365 347 1418 eadem
364 1365 451 1418 ferme
469 1364 594 1418 mortalia
612 1365 747 1418 cernimus
765 1381 823 1417 esso

164 1445 194 1493 31
211 1441 304 1493 nativa
321 1439 407 1493 simul.
427 1443 595 1508 quapropter
612 1441 731 1493 maxima
747 1439 841 1493 mimdi

165 1532 228 1569 eum
246 1515 353 1568 videam
370 1515 494 1569 membra
511 1532 542 1570 ae
560 1516 648 1584 partis
666 1519 825 1584 consumpta
842 1517 955 1584 regigni,

166 1592 235 1645 seire
252 1591 318 1646 licet
335 1591 403 1645 caeli
422 1607 530 1661 quoque
548 1592 615 1645 item
633 1594 779 1659 terraeque
796 1591 879 1644 fuisse
982 1607 1017 1646 aas

164 1667 326 1737 principiale
344 1667 455 1736 aliquod
472 1671 581 1738 tempus
599 1667 759 1735 clademque
775 1666 902 1720 futuram.

201 1743 275 1796 Illud
291 1745 319 1797 in
337 1743 380 1797 his
397 1744 478 1798 rebus
495 1760 530 1798 ne
549 1743 716 1812 corripuisse*
728 1743 813 1795 rearis

165 1836 210 1873 me
227 1820 301 1886 mihi,
320 1821 394 1888 quod
411 1824 514 1874 terram
532 1824 616 1888 atque
634 1819 724 1887 ignem
742 1819 867 1872 mortalia
885 1819 986 1887 sumpsi

164 1913 224 1950 esse
241 1912 330 1965 neque
348 1912 470 1949 umorem
489 1896 612 1949 dubitavi
630 1911 765 1964 aurasque
782 1895 873 1962 perire

164 1975 247 2041 atque
264 1972 362 2025 eadem
380 1972 456 2039 gigni
473 1988 621 2040 rursusque
640 1987 786 2038 augescere
803 1971 868 2039 dixi,
980 1986 1015 2025 aas

125 2049 136 2053 ”
163 2047 296 2116 principio
313 2065 377 2118 pars
395 2047 480 2101 terrai
497 2048 632 2115 nonnulla,
651 2049 762 2117 peremta

164 2123 265 2177 solibus
282 2123 411 2190 adsiduis,
428 2123 515 2177 multa
531 2123 639 2192 pulsata
655 2125 757 2192 pedum
774 2123 809 2190 vi,

163 2198 283 2268 pulveris
301 2199 412 2252 exhalat
429 2198 556 2252 nebulam
573 2200 713 2267 nubesque
730 2198 846 2252 volantis

165 2291 232 2343 quas
250 2275 333 2328 validi
351 2277 410 2329 toto
428 2275 589 2342 dispergunt
606 2291 669 2328 aere
686 2274 767 2327 venti.

164 2367 227 2418 pars
246 2351 327 2404 etiam
346 2349 487 2416 glebarum
504 2350 540 2402 ad
558 2349 687 2402 diluviem
704 2352 848 2402 revocatur
981 2363 1016 2402 aas

164 2425 296 2479 imbribus
314 2428 343 2478 31
360 2425 434 2492 ripas
451 2424 576 2478 radentia
592 2424 703 2476 flumina
720 2423 828 2476 rodunt.

163 2505 307 2572 praeterea
324 2517 375 2570 pro
392 2505 472 2568 parte
489 2517 545 2567 sua,
564 2500 755 2568 quodcumque
772 2499 827 2552 alid
845 2503 935 2568 auget,

164 2578 305 2643 redditur;
323 2581 352 2631 et
370 2577 497 2646 quoniam
515 2576 598 2630 dubio
616 2576 711 2645 procul
728 2591 788 2628 esse
805 2574 916 2628 videtur

164 2654 337 2723 omniparens
355 2653 451 2706 eadem
470 2670 562 2706 rerum
579 2669 722 2706 commune
741 2651 902 2720 sepulcrum,

164 2747 230 2798 ergo
248 2735 324 2783 terra
340 2729 393 2783 tibi
409 2729 511 2782 libatur
529 2733 558 2782 31
575 2732 655 2782 33313
673 2728 809 2783 recrescit.
978 2742 1012 2780 aco

201 2807 279 2870 Quod
297 2809 428 2874 superest
445 2821 541 2859 umore
558 2821 627 2858 novo
645 2821 721 2859 mare
739 2803 850 2856 flumina
866 2804 966 2856 fontes

164 2899 272 2952 semper
290 2881 430 2935 abundare
447 2887 477 2936 et
494 2882 590 2936 latices
608 2898 718 2934 manare
735 2879 862 2948 perennis

163 2959 201 3013 311
219 2975 287 3028 opus
305 2962 349 3012 est
365 2957 469 3012 verbis:
486 2975 600 3026 magnus
619 2958 750 3011 decursus
768 2972 900 3030 aquamm

163 3035 284 3105 undique
302 3034 432 3088 declarat.
450 3033 499 3088 sed
516 3035 634 3102 primum
653 3033 783 3102 quicquid
801 3032 881 3101 aquai

162 3111 269 3177 tollitur
287 3111 314 3164 in
332 3127 490 3179 sunrrnaque
508 3111 540 3165 fit
557 3115 589 3165 ut
606 3111 644 3164 nil
661 3127 739 3162 umor
756 3108 884 3175 abundet,
977 3121 1011 3160 noa

162 3189 263 3258 partim
281 3187 355 3256 quod
373 3187 453 3240 validi
473 3192 613 3241 verrentes
630 3202 748 3255 aequora
766 3183 839 3238 venti
