2244 3532
580 125 608 165 11

500 343 619 410 LIBER
638 347 677 405 II.

216 511 246 561 la
283 515 391 559 MENTE.
428 506 737 562 Lachmannusmeati'.

213 600 245 650 27
282 593 412 646 librorum
437 604 551 644 runem*
574 594 648 648 nolui
672 599 787 648 mutare.
824 593 1014 652 Lachmannus

155 679 289 747 folperti.
325 678 387 732 etv
407 683 472 732 1049
490 679 574 733 sciret
589 679 748 748 animoque,
760 679 808 733 ubi
827 680 1015 737 Lachmannus

159 766 426 820 scirent...videreat
438 765 646 842 seribendoloei
658 769 823 822 sententiam
835 770 974 837 pervertit.

211 856 319 906 49-46,
364 853 412 904 aut
436 851 515 904 fallor
538 855 586 905 aut
607 852 679 906 huno
699 854 788 906 looum
812 854 910 907 melius
932 872 1014 924 quam

159 936 348 991 Lachmannus
360 941 409 991 aut
426 937 591 1006 Bernaysius
607 940 743 993 constitui.
779 945 813 992 42
830 956 882 1008 pro
893 953 1014 995 ericum

159 1025 225 1078 dedi
237 1033 262 1078 et
274 1042 353 1080 ecum
365 1026 401 1079 oi.
437 1024 691 1093 Lachmannusqwe
706 1026 870 1095 eleplaaaiir.
906 1031 939 1079 43
952 1029 1014 1092 post

158 1117 276 1164 ornatae
288 1109 384 1163 addidi
397 1128 449 1178 que
462 1112 518 1178 (q.);
536 1115 564 1164 et
577 1127 627 1181 pro
639 1122 780 1162 massona
792 1112 889 1181 scripsi
900 1117 1013 1164 statuas.

159 1199 199 1264 (cf.
214 1197 403 1252 Lachmannus
417 1197 453 1252 ad
469 1212 499 1250 1v
511 1199 579 1266 283.)
598 1196 788 1251 Lachmannus
805 1198 921 1252 validas.
937 1197 1012 1251 deni-

159 1300 221 1352 que,
238 1283 266 1336 in
285 1290 318 1336 45
339 1283 559 1353 interpunctione
577 1287 641 1350 post
660 1283 766 1349 pavide
790 1283 872 1350 faeta,
891 1299 1010 1351 versum,

157 1386 239 1437 quom
252 1368 356 1422 Nonius
370 1386 404 1422 ex
421 1369 483 1421 libii
501 1367 613 1421 secundi
628 1367 732 1419 ineerto
744 1366 804 1419 loeo
820 1365 938 1434 rettulit,
950 1370 1013 1435 post

157 1460 191 1508 46
210 1454 354 1519 collocavi;
371 1454 561 1507 Lachmannus
579 1455 672 1506 antem
691 1454 720 1505 et
738 1452 905 1522 Bernaysius
921 1454 1013 1508 versui

157 1547 190 1596 43
205 1541 389 1595 subiecerunt.

211 1633 258 1681 105
286 1633 351 1682 ante
380 1628 482 1681 multos
504 1643 588 1680 annos
614 1627 738 1681 intellexi
759 1627 795 1680 ob
814 1627 1012 1698 interpolatore

156 1715 250 1768 fiotum
264 1719 367 1768 esseut
382 1720 430 1768 104
443 1721 533 1768 cetera
545 1713 702 1782 explicaret.
726 1728 797 1768 nunc
811 1715 924 1769 tandem
936 1732 1013 1784 repe-

156 1800 197 1853 rio
214 1799 288 1853 idom
305 1799 472 1853 intellexisse
488 1799 576 1852 virum
594 1798 711 1865 doctum,
730 1799 803 1868 Hug.
818 1799 1011 1868 Purmannum‚

156 1885 184 1937 in
208 1888 314 1952 quaest.
338 1884 418 1938 Luer.
438 1890 505 1939 1858
526 1901 551 1953 p.
570 1891 594 1938 8.
632 1887 753 1938 eetemm
776 1889 824 1939 106
847 1896 960 1937 omnim
976 1903 1010 1938 ex

156 1973 277 2040 margine
294 1971 409 2040 illatum,
421 1972 522 2040 primas
534 1971 593 2024 eius
605 1987 687 2025 voees
697 1971 810 2039 expulit.
831 1987 880 2024 eae
892 1977 929 2024 set
940 1987 1012 2037 qaae

156 2057 243 2111 fuisse
256 2058 392 2112 videntur.
845 2063 847 2068 '

209 2145 257 2200 137
293 2159 343 2212 pro
361 2154 457 2194 roano
477 2142 669 2196 Lachmannus
689 2159 842 2212 proporro.
879 2158 929 2196 nos
949 2160 1010 2197 eum

156 2229 296 2284 veteribus
308 2247 381 2296 qaae
389 2247 493 2298 porro.

210 2322 258 2370 159
294 2319 458 2387 comparatis
472 2323 616 2383 153-156,
633 2320 749 2386 apparet
766 2317 925 2372 Lucretium
943 2336 1010 2384 uae,

156 2393 209 2455 non
230 2413 331 2471 UNUM,
344 2403 490 2472 sem‘psisse.
525 2404 559 2458 cl.
572 2419 583 2456 1
596 2408 647 2458 694
659 2419 717 2471 sqq.
731 2405 759 2456 et
771 2419 833 2456 ann.
847 2401 913 2471 phil.
930 2404 1008 2458 Cant.

156 2503 210 2556 1p.
226 2493 267 2542 29.
291 2505 418 2558 quaeque
435 2493 549 2554 atomus,
567 2504 619 2540 non
639 2487 780 2556 complexa
796 2492 847 2555 est,
864 2487 935 2542 siout
946 2489 1010 2542 solis

156 2591 247 2645 vapor,
256 2575 305 2628 sed
313 2593 367 2630 una
375 2580 404 2630 et
411 2577 553 2630 individua
565 2593 580 2629 e
593 2575 650 2628 suis
662 2575 795 2644 partibus,
805 2591 875 2642 quae
881 2574 1010 2630 minimae

156 2664 219 2713 sunt
231 2676 281 2714 neo
299 2677 350 2730 per
362 2679 391 2715 se
404 2662 523 2716 existere
535 2664 657 2730 possunt.
669 2659 783 2713 mirifice
795 2659 908 2728 languet
917 2677 1010 2716 unum

162 2745 269 2815 Unum,
282 2747 340 2800 sine
352 2747 409 2801 ulla
419 2749 446 2802 vi
458 2748 500 2802 bis
513 2750 641 2817 positum«

209 2836 258 2888 168
293 2851 343 2903 pro
356 2845 449 2886 REDDI
462 2833 557 2903 scripsi
571 2834 698 2888 eredunt.
715 2833 831 2888 haesito
843 2835 1009 2903 praecedens

155 2935 170 2972 e
176 2937 189 2984 ,⁰
209 2918 309 2972 deinde
322 2936 357 2972 ex
370 2921 476 2974 redunt
488 2920 589 2974 factum
604 2920 646 2972 est
659 2917 750 2970 reddi.
858 2973 859 2978 ,

210 3009 258 3057 194
293 3019 343 3072 pro
362 3015 381 3054 Ε
401 3005 590 3058 Lachmannus
609 3009 654 3057 eei.
680 3005 803 3056 eeterum
822 3004 854 3058 ei.
877 3005 1009 3075 Madvigii

156 3106 267 3158 gramm.
283 3090 343 3146 Lat
356 3109 382 3160 p.
397 3107 442 3145 111.-

208 3181 258 3233 205
294 3195 355 3232 oum
368 3178 410 3232 ed.
430 3179 503 3232 lunt.
517 3179 549 3232 ia
566 3183 617 3232 sest
632 3194 683 3250 pro
700 3187 802 3246 INEsr3
825 3195 875 3248 pro
891 3194 1009 3236 DUOERE
