2244 3532
530 107 576 160 viii
588 113 590 120 '

191 250 336 301 599-634.
371 245 459 298 locum
476 243 548 296 hunc
566 240 703 295 difficilem
719 256 791 308 sane,
810 240 859 294 sed
879 239 989 293 minime

140 334 305 400 corruptum,
320 346 412 384 omnes
431 329 551 382 editores
563 344 580 380 a
593 325 724 379 Lambino
745 341 833 394 usqne
850 324 886 377 ad
904 323 988 377 Lach-

140 432 267 468 mannum
280 419 308 469 et
321 413 498 482 Bernaysium
517 411 631 464 diversis
648 410 736 463 modis
753 410 878 464 certatim
891 411 989 480 depra-

140 505 244 556 varunt.
279 502 400 555 conferas
425 499 506 552 velim
531 517 600 568 quae
618 500 678 553 fuse
695 499 760 551 olim
778 498 813 552 do
831 515 864 552 eo
881 499 909 551 in
927 515 988 551 ann.

139 587 204 656 phil.
221 587 373 654 Cantaber
389 605 433 656 pp.
447 593 549 640 29-32
566 589 596 641 et
612 579 749 641 252-258
768 587 915 656 disputavi.
943 585 988 639 hic

139 673 261 728 breviter
273 692 343 743 quae
355 675 543 728 Lachmannus
560 675 682 743 peccavit
695 679 790 728 notare
808 674 875 727 satis
892 673 987 740 habea,

140 760 186 827 qui
198 766 248 814 599
261 762 331 827 qaia
343 778 413 814 nam
426 761 504 815 dedit
521 779 571 831 pro
589 772 735 831 QUONIAM,
754 768 804 817 660
821 777 871 830 pro
888 771 987 812 ILLIUs

139 843 290 910 17711611
301 845 427 898 edorum
438 857 643 916 1111101111
680 847 739 916 ipse
751 847 871 900 illoram
883 845 986 914 scripsi.

139 930 361 998 618ρ111111
380 929 527 985 Lambinus
545 933 578 986 aa'
595 949 645 1002 pro
663 945 690 985 sr
706 937 735 987 et
754 938 802 988 631
822 932 920 986 madia
936 947 986 999 pro

138 1025 246 1067 NULLIs
253 1035 260 1080 ;
279 1033 361 1084 quem
373 1018 459 1071 soeuti
471 1021 535 1073 sunt
547 1035 640 1073 omnes
652 1020 689 1073 ad
699 1037 783 1073 unum
796 1020 923 1074 editores

189 1106 240 1155 645
275 1119 329 1158 car
340 1106 453 1173 possim
468 1123 522 1160 aare
543 1108 658 1173 requiro
677 1108 735 1160 sine
752 1111 818 1161 nota
834 1107 982 1176 interroga·

138 1184 220 1239 tionis
244 1189 346 1259 scripsi.
374 1191 546 1246 membranae
567 1196 597 1246 et
619 1193 740 1247 editores
762 1197 857 1248 contra
877 1193 985 1262 linguae

137 1270 212 1340 leges
224 1285 282 1325 cun
294 1280 436 1332 Passenni

190 1363 238 1418 657
269 1379 318 1431 pro
331 1375 410 1416 MUSE
422 1365 486 1419 dedi
499 1366 584 1420 nasci.
616 1367 803 1420 Lachmannus
815 1369 913 1422 edessa
933 1367 985 1420 hoc

137 1446 296 1500 vocabulum
313 1449 439 1503 ultimum
457 1455 518 1505 erat
535 1450 673 1520 archetypi
691 1453 805 1520 paginae
825 1453 985 1506 vicensimae

137 1529 276 1599 septimae.

189 1621 237 1670 681
276 1629 345 1668 ALIO
359 1634 420 1671 cum
434 1618 598 1673 membranis
611 1620 805 1674 Lachmannus.
829 1619 984 1688 Lambinus,

137 1700 282 1770 flagitante
295 1705 439 1772 sententia,
452 1705 519 1759 alia.

190 1791 239 1844 tao
275 1805 325 1857 pro
337 1799 430 1840 UNDIS
443 1789 632 1845 Lachmannus
644 1792 766 1846 uadens.

190 1877 239 1930 752
274 1891 367 1928 versus
381 1875 410 1928 in
426 1877 480 1929 fine
502 1877 614 1930 mutilus
636 1880 685 1931 est.
710 1877 855 1932 Lucretius
876 1880 985 1948 scripsit

137 1961 170 2015 ia
196 1961 260 2016 illie.
289 1961 475 2015 Lachmannus
497 1963 666 2032 ineptissime
688 1979 835 2031 prorsam.
865 1965 901 2020 ci.
923 1981 982 2020 ann.

136 2047 201 2117 phil.
215 2047 294 2102 Cant.
308 2063 356 2116 1p.
369 2053 410 2102 29.

189 2136 238 2191 755
275 2139 366 2200 utque.
400 2131 464 2186 libri
475 2137 661 2200 urcuautvr
676 2137 748 2191 1067.
784 2136 834 2191 753
850 2152 900 2203 pre
911 2146 985 2187 11111

137 2221 324 2275 Lachmannus
336 2221 400 2286 atat,
413 2224 442 2274 et
455 2222 505 2277 755
516 2235 567 2288 pro
578 2231 670 2280 uuam
681 2219 756 2274 idern
768 2237 860 2287 usqae.
883 2223 916 2276 ci.
925 2239 985 2276 ann.

136 2303 200 2374 phil.
214 2303 292 2359 Cant.
304 2320 316 2358 1
327 2322 353 2372 p.
368 2311 409 2359 39.

189 2393 246 2458 769,
265 2406 347 2458 quem
359 2390 538 2459 omisi,=762.

189 2480 239 2535 778
269 2486 407 2530 oronam.
423 2475 611 2529 Lachmannns
620 2476 863 2544 amaratutmihi
873 2476 986 2546 quidem

136 2563 252 2630 videtur,
265 2562 322 2615 sine
333 2561 391 2614 ulla
402 2561 512 2614 minima
524 2576 611 2614 causa.

188 2655 238 2704 896
274 2648 336 2702 libri
344 2660 386 2701 11.
412 2645 566 2700 Priscianus
579 2653 704 2713 atquem
717 2647 867 2700 rectissime
877 2650 986 2702 secutus

137 2738 180 2788 est
192 2734 361 2802 Bernaysius.
374 2733 406 2788 ci.
418 2749 477 2787 ann.
490 2730 555 2799 phil,
568 2731 646 2784 (iant.
660 2745 671 2782 1
682 2746 707 2798 p.
720 2735 761 2784 44.
795 2731 878 2785 miras
890 2731 986 2785 turbas

136 2821 181 2874 hic
204 2820 309 2874 conciet
332 2819 529 2887 Lachmannus‚
555 2818 601 2886 qui
623 2823 672 2872 806
697 2819 727 2869 et
739 2819 789 2872 807
807 2817 921 2871 inversis
941 2817 987 2870 de·

136 2905 201 2960 inde
213 2923 262 2974 pro
275 2917 409 2958 ARBUSTA
421 2904 588 2974 ineptissime
600 2906 728 2959 damaeta
741 2903 843 2959 scribit.

189 2999 239 3048 839
274 2992 337 3047 libri
354 2992 506 3047 rectissime
523 3002 566 3044 11.
609 2991 798 3046 Lachmannus
817 2997 856 3058 at,
869 2989 916 3058 qui
933 2988 985 3056 hic,

137 3079 208 3133 sicut
221 3096 301 3148 saepe
314 3078 388 3148 alias,
401 3079 559 3133 Lucretium
571 3094 701 3146 umquam
712 3084 737 3131 et
748 3095 798 3148 pro
810 3077 897 3132 ctiam
906 3092 985 3130 usum

137 3181 198 3219 esse
210 3166 312 3220 imstra
323 3169 412 3235 negat.
