2234 3526
122 154 177 212 132
534 150 566 205 V

118 259 264 326 propterca
281 255 315 309 fit
331 254 372 308 uti
390 270 517 321 magnum
536 253 645 320 volgata
662 267 713 321 per
730 266 824 304 aevom

119 349 198 386 omne
215 347 301 398 genus
320 332 414 384 coetus
432 338 461 382 et
479 332 569 382 motus
587 327 764 397 experiundo,

119 407 232 462 tandem
250 405 411 460 conveniant
429 421 462 457 ca
479 420 549 470 quae
566 406 696 456 convecta
713 407 829 472 repente

119 499 279 552 magnarum
297 498 389 535 rerum
406 481 476 533 fiunt
493 479 605 534 exordia
623 496 712 548 saepe,
933 491 971 531 eso

120 560 203 615 terrai
222 559 304 611 uraris
321 560 351 611 et
367 556 436 611 caeli
453 556 616 624 generisque
635 556 812 610 animantum.

156 636 210 689 Hic
227 649 316 704 neque
333 637 393 686 tum
412 632 476 686 selis
494 635 555 686 rota
572 631 647 686 cerni
664 631 766 685 lumine
783 631 861 700 largo

119 711 262 766 altivolans
280 713 391 779 poterat
408 725 459 763 nec
476 708 568 776 magni
587 707 678 762 sidera
696 709 792 762 mundi
871 753 876 766 .

119 804 169 842 nec
187 803 262 840 mare
280 802 330 840 nec
349 786 453 839 caelum
471 801 521 838 nec
540 784 658 852 denique
676 788 751 838 terra
767 801 858 854 neque
875 801 923 838 aer

118 880 169 918 nec
187 863 283 916 similis
301 861 402 915 nostris
420 860 503 914 rebus
522 877 567 914 res
585 860 641 912 ulla
658 860 754 929 videri,
936 873 971 913 aaa

119 940 168 993 sed
185 955 255 991 nova
272 940 422 1005 tempestas
440 934 576 1004 quaedam
595 936 734 1004 molesque
752 939 846 991 coorta

72 1028 104 1058 ⁴⁴⁰
119 1031 198 1067 omne
216 1029 303 1081 genus
321 1013 356 1066 de
374 1013 520 1084 principiis,
541 1010 677 1066 discordia
695 1029 811 1081 quorum

118 1090 262 1144 intervalla
280 1090 336 1142 vias
355 1105 473 1142 conexus
492 1088 615 1156 pondera
633 1089 727 1157 plagas

118 1182 264 1221 concursus
282 1171 372 1217 nrotus
390 1164 521 1217 turbabat
538 1164 642 1232 proelia
659 1165 782 1233 miscens,

117 1245 232 1310 propter
249 1240 386 1293 dissimilis
404 1240 504 1294 formas
521 1240 666 1308 variasque
683 1239 785 1308 figuras
935 1253 972 1291 mo

119 1317 194 1386 quod
211 1334 264 1370 non
283 1315 374 1368 onmia
391 1316 430 1369 sic
448 1318 578 1385 poterant
595 1315 738 1370 coniuncta
755 1332 866 1370 manere

73 1414 105 1445 us
118 1411 169 1448 nec
186 1397 277 1447 motus
295 1393 368 1446 inter
386 1408 445 1446 sese
463 1392 530 1445 dare
549 1391 739 1445 convenientis.

73 1481 104 1514 ⁴³⁷
120 1469 252 1536 diffugere
270 1466 334 1521 inde
352 1468 403 1520 loci
421 1472 515 1536 partes
534 1483 648 1535 coepere
666 1484 801 1536 paresque

119 1562 179 1598 curn
198 1544 309 1612 paribus
327 1544 402 1611 iungi
421 1559 465 1596 res
483 1546 512 1597 et
531 1543 685 1597 discludere
704 1545 837 1597 mundum

118 1619 296 1689 membraque
315 1618 438 1672 dividere
456 1622 485 1673 et
503 1635 616 1686 magnas
635 1619 780 1687 disponere
797 1621 897 1689 partes,
933 1633 969 1672 eso

72 1712 104 1744 aa
118 1696 169 1750 hoe
187 1699 237 1764 cst,
254 1712 272 1750 a
289 1696 370 1750 terris
389 1695 475 1749 altum
493 1711 635 1749 secernere
654 1695 767 1763 caelum,

119 1775 148 1825 et
166 1787 270 1825 sorsum
288 1788 364 1824 mare
381 1771 423 1825 uti
441 1773 547 1824 secreto
564 1786 660 1824 umore
677 1773 794 1838 pateret,

118 1863 226 1900 seorsus
244 1847 311 1901 item
328 1847 391 1915 puri
409 1846 562 1915 secretique
579 1846 698 1900 aetheris
716 1846 800 1914 ignes.

155 1923 261 1992 Quippe
279 1923 380 1977 etenim
398 1922 516 1991 primum
534 1922 619 1975 terrai
636 1938 749 1989 corpora
766 1937 898 1989 quaeque,

118 2003 265 2074 prepterea
283 1998 357 2069 quod
376 2001 455 2052 erant
472 1998 566 2065 mnia
583 2001 613 2051 et
629 1997 769 2066 perplexa,
788 1995 895 2050 coibant
933 2011 969 2050 sao

118 2075 147 2128 in
164 2074 256 2128 medio
274 2078 359 2142 atque
377 2075 445 2127 imas
463 2073 608 2142 capiebant
626 2073 716 2127 omnia
735 2073 829 2138 sedes3

119 2168 189 2220 quae
206 2153 308 2220 quanto
326 2150 413 2218 magis
430 2150 503 2203 inter
521 2166 551 2204 se
568 2150 699 2218 perplexa
716 2149 833 2218 coibant,
875 2153 878 2160 '

118 2231 176 2281 tam
193 2227 281 2295 magis
298 2242 458 2294 expressere
476 2243 509 2280 ea
527 2243 598 2294 quae
616 2242 692 2278 mare
710 2225 802 2278 sidera
819 2225 904 2278 selem

117 2304 264 2373 lunamque
282 2302 420 2356 efficerent
438 2306 467 2356 et
484 2301 576 2370 magni
594 2301 700 2354 moenia
716 2300 819 2354 mundi.

118 2380 208 2433 omnia
225 2379 297 2432 enim
316 2379 402 2447 magis
420 2379 521 2433 haece
538 2377 643 2431 levibus
661 2379 744 2444 atque
762 2377 890 2430 rutundis
932 2390 969 2428 eos

27 2501 34 2505 .
119 2455 267 2510 seminibus
285 2455 427 2525 multoque
445 2455 588 2508 minoribu’
608 2458 673 2508 sunt
691 2453 834 2507 elementis

120 2549 202 2600 quam
221 2532 309 2585 tellus.
327 2532 398 2600 ideo,
415 2549 465 2601 per
483 2547 546 2584 rara
562 2530 701 2595 foramina,
719 2533 810 2583 terrae

120 2608 244 2677 partibus
263 2625 407 2675 erumpens
425 2608 529 2676 primus
547 2623 577 2659 se
596 2606 706 2660 sustulit
723 2605 820 2659 aether

120 2685 217 2752 ignifer
236 2687 265 2738 ct
283 2683 383 2737 multos
402 2700 492 2736 secum
511 2682 578 2736 levis
597 2681 711 2736 abstulit
728 2681 805 2749 ignis,

120 2777 173 2814 non
192 2760 245 2812 alia
262 2760 342 2827 longe
359 2759 466 2813 ratione
484 2775 516 2812 ac
535 2774 616 2825 saepe
634 2756 765 2823 videmus,
787 2787 790 2795 ·
935 2768 972 2808 leo

121 2853 204 2890 aurea
222 2852 282 2889 cum
300 2836 419 2904 primum
437 2833 601 2902 gemmantis
618 2849 681 2887 rore
699 2849 750 2901 per
766 2831 868 2886 herbas

121 2912 255 2965 matutina
272 2911 372 2965 rubent
389 2910 488 2964 radiati
506 2909 609 2962 lumina
627 2908 690 2962 solis

121 2986 305 3055 exhalantque
322 2986 397 3040 lacus
414 2986 542 3040 nebulam
559 2985 689 3053 fluviique
706 2999 848 3053 perennes,

121 3061 234 3128 ipsaque
252 3065 284 3115 ut
301 3062 442 3116 interdum
459 3062 542 3116 tellus
559 3061 665 3114 fumare
683 3059 808 3125 videtur3

121 3136 211 3188 omnia
229 3154 299 3204 quae
318 3154 426 3191 sursum
444 3154 506 3193 cum
523 3137 708 3205 conciliantur,
725 3136 754 3189 in
771 3135 827 3188 alto
937 3145 974 3186 ses

120 3227 232 3281 corpore
250 3217 376 3268 conmeto
395 3212 546 3268 subtexunt
563 3212 657 3267 nubila
674 3212 786 3266 caelum.
