2252 3530
565 111 637 166 llll
970 115 1024 176 lll

175 214 259 279 atquo
275 211 470 280 gubernaclum
488 216 650 282 contorquet
667 214 790 282 quolibet
807 232 899 284 unum,

175 287 315 357 multaque
327 305 378 358 per
389 289 505 342 trocleas
517 293 547 343 11
559 293 688 360 tympana
699 292 822 360 pondere
834 309 934 362 magno
992 309 1028 350 eet

174 369 327 420 commovet
344 368 427 432 atque
445 365 497 418 levi
516 367 635 420 sustollit
653 367 777 421 machina
794 369 861 422 nisu.

211 443 289 496 Nunc
303 440 401 510 quibus
413 441 459 494 ille
474 441 563 494 modis
575 460 685 497 somnus
698 462 748 513 per
760 445 883 499 membra
895 447 1015 516 quictem

174 521 275 588 inriget
293 524 376 588 atque
395 518 478 571 animi
497 535 576 572 curas
594 534 609 572 e
626 523 739 588 pectore
756 521 850 589 solvat,

176 596 320 652 suavidicis
337 596 528 666 potiusquam
546 595 640 650 multis
658 596 781 650 versibus
799 598 894 664 edarn;

174 690 277 744 parvus
288 677 319 727 ut
333 679 375 727 est
388 673 464 742 cycni
476 673 572 726 melior
584 689 673 740 canor,
685 673 730 727 ille
740 691 840 742 gruum
853 692 934 744 quam
954 668 958 678 ’
993 691 1028 731 ero

175 750 277 805 clamor
293 751 321 804 iu
338 749 466 804 aetheriis
484 748 625 819 dispersus
642 749 760 803 nubibus
777 751 871 806 austri.

174 831 207 881 tu
224 827 291 880 mihi
310 826 346 880 da
363 827 453 880 tenuis
471 843 552 880 aures
569 826 744 895 animumque
762 844 894 895 sagacem,

174 920 209 957 nc
227 903 286 957 fieri
304 903 410 972 negites
430 920 500 970 quae
519 903 608 957 dicam
626 919 707 972 posse
724 907 854 971 retroque

175 997 240 1034 vera
257 980 409 1049 repulsanti
428 980 554 1034 discedas
572 983 684 1048 pectore
702 980 784 1048 dicta,

174 1057 286 1111 tutimet
304 1057 332 1110 iu
350 1057 429 1124 eulpa
447 1073 509 1110 cunr
527 1057 565 1110 sis
582 1051 671 1126 neque
688 1073 801 1110 eernere
818 1058 913 1126 possis.
991 1075 1027 1114 ors

174 1133 305 1202 principio
324 1149 434 1186 somnus
452 1133 484 1186 fit
501 1133 549 1186 ubi
566 1137 610 1186 est
627 1133 761 1186 distracta
777 1150 828 1201 per
845 1137 923 1188 artus

175 1209 215 1263 iis
232 1209 337 1263 animae
354 1209 509 1277 partimque
526 1208 600 1262 foras
618 1209 705 1262 eiecta
722 1209 836 1263 recessit

174 1289 204 1339 ct
221 1287 323 1355 partim
340 1288 471 1339 contrusa
488 1285 575 1352 magis
594 1284 727 1338 concessit
743 1285 772 1337 in
789 1285 883 1340 altum.

174 1361 362 1415 dissoluuntur
379 1363 451 1416 enirn
469 1365 529 1414 tum
547 1360 658 1413 demum
675 1360 799 1414 membra
816 1361 964 1430 fluuntque.

175 1455 238 1492 nam
256 1437 369 1491 dubimn
387 1455 441 1492 non
459 1441 509 1504 est,
527 1435 625 1490 animai
643 1437 708 1506 quin
726 1453 811 1504 opera
828 1437 864 1490 sit
990 1455 1026 1493 oro

175 1532 270 1568 sensus
287 1515 332 1568 hie
348 1515 377 1567 in
394 1514 479 1582 nobis,
497 1530 579 1581 quem
597 1529 660 1567 cum
678 1529 760 1582 sopor
775 1513 883 1583 inpedit
900 1531 967 1582 esse,

174 1595 234 1645 tum
252 1590 330 1644 nobis
348 1590 465 1644 animam
482 1589 671 1659 perturbatam
689 1605 749 1642 esse
767 1590 948 1658 putandumst

173 1667 344 1736 eiectamque
361 1667 448 1733 foras;
465 1683 520 1720 non
539 1682 660 1732 omuem;
677 1682 795 1734 namque
812 1667 913 1721 iaceret

173 1747 286 1798 aeterno
304 1759 402 1814 eorpus
419 1743 559 1814 pertusum
576 1741 677 1810 frigore
694 1742 751 1796 leti.

173 1821 276 1890 quippe
293 1819 340 1873 ubi
357 1820 433 1873 nulla
450 1819 537 1872 latens
555 1817 654 1872 animai
671 1836 735 1888 pars
752 1820 907 1873 remaneret
989 1834 1026 1873 111

172 1897 201 1949 in
219 1896 357 1962 membris,
375 1897 466 1950 cinere
483 1899 514 1948 ut
532 1894 618 1949 multa
635 1895 705 1949 latet
722 1894 837 1948 obrutus
854 1895 931 1964 iguis,

174 1972 247 2026 unde
265 1973 406 2027 reconflari
423 1989 518 2027 sensus
535 1989 585 2040 per
604 1971 727 2025 membra
744 1975 860 2040 reponte

174 2053 275 2119 posset,
294 2054 326 2104 ut
343 2067 378 2104 ex
395 2049 452 2118 igni
469 2065 549 2102 caeco
566 2064 730 2116 consurgere
749 2047 874 2102 flammai

210 2125 266 2180 Sed
284 2126 382 2195 quibus
399 2126 467 2180 haec
484 2125 566 2178 rebus
584 2126 689 2178 novitas
707 2126 809 2178 confiat
826 2129 856 2185 et
872 2124 946 2179 unde

174 2202 330 2272 perturbari
347 2203 438 2256 anima
455 2205 484 2256 ct
498 2219 601 2272 eorpus
619 2201 795 2268 languescere
812 2201 906 2270 possit,
991 2216 1027 2255 111

174 2279 382 2349 1111111111111
400 2279 443 2332 fac
461 2294 495 2332 ne
513 2278 602 2331 ventis
620 2277 704 2331 verba
721 2277 891 2345 profundam.

173 2356 305 2425 principio
323 2359 437 2412 externa
454 2370 552 2420 corpus
570 2354 605 2406 do
623 2359 703 2422 parte
720 2371 863 2407 necessum
881 2356 932 2420 est,

173 2431 254 2486 acriis
271 2433 397 2501 quoniam
417 2430 534 2483 vicinum
553 2430 677 2498 tangitur
695 2430 774 2495 auris,

173 2508 284 2562 tundier
303 2511 386 2575 atque
405 2507 463 2561 cius
481 2506 577 2560 crebro
596 2505 730 2574 pulsarier
747 2506 811 2573 ictu,

172 2589 372 2654 proptereaque
391 2585 448 2639 fero
467 2600 511 2637 res
530 2599 624 2637 omncs
643 2586 690 2637 aut
708 2582 780 2636 corio
798 2587 862 2636 sunt
992 2597 1027 2634 111

171 2665 219 2715 111
237 2662 320 2716 etiarn
339 2661 448 2714 conchis
467 2664 516 2714 aut
534 2660 603 2713 callo
621 2664 671 2713 aut
688 2660 789 2714 cortice
806 2662 904 2712 tectae.

172 2739 329 2791 interiorem
348 2738 431 2791 otiam
452 2741 560 2807 partem
579 2736 746 2807 spirantibus
764 2753 811 2790 aer

171 2815 297 2868 verberat
314 2816 358 2869 hic
376 2815 458 2882 idem,
476 2831 537 2868 curn
558 2814 669 2867 ducitur
690 2818 774 2882 atque
791 2812 912 2866 reflatur.

171 2908 256 2959 quare
273 2892 411 2960 utrimque
431 2909 508 2946 secus
526 2909 588 2945 cunr
608 2907 707 2959 eorpus
726 2891 836 2957 vapulet
853 2892 882 2954 et
900 2905 961 2942 cunr

171 2969 330 3036 perveniant
342 2969 444 3036 plagae
462 2984 613 3038 perparva
630 2967 765 3020 foramina
783 2965 860 3018 nobis
989 2979 1026 3018 111

171 3045 294 3114 corporis
313 3045 348 3098 ad
366 3046 467 3113 primas
485 3045 571 3114 partis
590 3044 778 3112 elementaque
797 3042 893 3112 prima,

172 3121 205 3174 fit
223 3122 300 3191 quasi
318 3122 449 3191 paulatim
467 3121 546 3175 nobis
563 3138 614 3190 per
632 3120 755 3174 membra
772 3120 857 3173 ruina.

171 3197 370 3254 conturbantur
388 3197 459 3252 enim
478 3197 617 3268 positurae
634 3195 829 3268 principiorum
