2252 3530
111 135 373 292 leuatam
493 62 604 213 if?

110 239 230 293 laeditur
248 241 275 294 in
296 255 330 292 no
375 247 453 302 ,mon
470 237 543 290 omni
562 237 765 292 concrucianun·

111 331 231 384 corpore,
250 318 288 371 sic
306 316 412 370 unimus
429 330 631 383 nonnumquam
648 313 768 369 laeditur
785 317 844 384 ipso

199 0 267 40 ’Π

189 151 208 180 ο

111 391 271 463 laetitiaque
291 395 372 462 riget,
391 407 451 443 eum
470 394 562 443 cetera
579 407 643 459 pars
660 391 759 446 animai
926 409 963 448 rso

110 484 160 535 per
178 469 302 524 membra
319 474 402 537 atque
420 471 497 520 artus
514 467 588 520 nulla
605 467 726 522 novitate
744 470 839 524 cietur.

110 560 205 598 verrun
223 546 271 599 ubi
289 544 407 600 vementi
426 542 513 611 magis
531 547 574 596 est
592 548 727 598 commota
744 549 820 600 metu
838 563 923 613 urens,

110 622 263 676 consentire
281 622 396 676 animam
416 623 501 672 totam
521 636 570 687 per
588 620 712 673 membra
729 621 853 675 videmus

109 697 276 768 sudoresque
295 699 334 752 ita
351 697 536 766 palloremque
553 695 672 750 existere
690 700 749 751 toto

110 789 223 842 corpore
241 779 270 829 et
288 773 396 840 infringi
414 773 534 840 linguam
552 789 699 841 vocemque
718 773 826 841 aboriri,
926 791 961 831 ια

109 849 225 916 caligare
243 851 342 916 oculos,
361 865 456 902 sonere
474 849 555 916 auris,
573 848 712 904 succidere
730 854 813 918 artus,

109 925 227 994 donique
245 927 386 980 concidere
405 943 438 978 ex
456 925 538 978 animi
557 929 662 980 terrore
680 926 804 981 videmus

110 1017 191 1070 saepe
209 1003 346 1068 honrines3
364 1003 443 1056 facile
461 1005 493 1055 ut
511 1002 600 1070 quivis
617 1002 680 1056 hinc
697 1020 809 1057 noscere
826 1004 912 1072 possit

109 1095 168 1131 esse
180 1079 297 1133 animam
310 1096 371 1133 cunr
384 1079 474 1133 animo
486 1080 664 1146 coniunctam,
676 1095 746 1148 quae
758 1097 820 1133 cum
832 1081 915 1134 animi
932 1082 960 1135 oi

108 1161 271 1222 percussast,
289 1157 361 1210 exim
380 1171 478 1224 eorpus
495 1156 624 1225 propellit
641 1160 670 1209 et
687 1155 742 1210 icit.
925 1173 960 1211 1oo

145 1231 222 1285 llaec
240 1232 336 1286 eadem
355 1232 426 1286 ratio
445 1235 571 1287 naturam
589 1232 671 1285 animi
689 1236 773 1301 atque
791 1232 890 1286 animai

108 1323 265 1377 corpoream
284 1309 364 1363 docet
383 1325 449 1363 esse.
469 1307 515 1362 ubi
534 1309 605 1361 enim
623 1308 776 1376 propellere
794 1309 924 1377 membra,

107 1385 242 1453 corripere
260 1403 292 1439 ex
312 1402 405 1440 sonrno
424 1402 523 1454 corpus
541 1387 703 1454 mutareque
721 1386 828 1440 vultum

108 1463 192 1528 atque
209 1461 346 1516 hominem
364 1467 455 1516 totum
473 1478 569 1529 regere
587 1478 619 1514 ae
637 1478 745 1515 versare
764 1463 881 1529 videtur,

108 1553 222 1606 quorum
240 1539 278 1592 nil
298 1539 357 1593 lieri
376 1539 529 1628 rw
546 1555 626 1605 posse
644 1539 768 1592 videmus
925 1556 959 1596 ros

108 1630 158 1668 nec
176 1617 279 1667 tactum
297 1631 378 1681 porro
398 1632 456 1669 srno
475 1631 595 1699 corpore,
613 1631 702 1668 nonne
719 1615 890 1670 fatendumst

108 1706 237 1758 corporea
257 1696 355 1745 natura
372 1693 492 1746 animum
511 1695 635 1745 constare
652 1692 841 1760 anirnanrquel

108 1772 251 1834 praeterea
268 1769 372 1836 puriter
388 1769 464 1836 iungi
483 1785 543 1822 cum
563 1785 675 1837 corpore
693 1773 722 1822 et
740 1785 795 1821 rura

108 1845 260 1898 eorrserrtire
279 1845 397 1898 animum
416 1845 494 1898 nobis
513 1845 540 1897 in
560 1861 672 1913 corpore
690 1845 785 1899 cernis.

107 1921 128 1974 si
148 1920 237 1974 minus
254 1920 368 1974 offendit
386 1922 470 1974 vitam
488 1922 529 1975 ris
547 1921 659 1974 horrida
676 1921 724 1974 teli
922 1937 958 1977 ue

106 1996 213 2050 ossibus
230 2014 262 2051 uc
279 1999 369 2052 nervis
388 1997 513 2051 disclusis
532 1999 605 2051 intus
623 1998 727 2064 adacta,
935 1992 948 2015 '

105 2078 136 2128 at
153 2077 245 2127 tamen
263 2074 416 2142 insequitur
432 2075 547 2142 languor
564 2078 709 2143 terraeque
727 2073 862 2144 petitus,

1 2074 202 2261 fferam.
222 2152 295 2204 etin
314 2155 388 2204 terra
405 2151 570 2232 meufl's-qui
588 2151 711 2220 gignitur
728 2154 828 2215 aestus,
848 2129 938 2244 ff,

106 2228 297 2295 interdumque
316 2229 392 2298 quasi
410 2229 561 2297 exurgendi
579 2229 684 2283 ineerta
701 2244 735 2280 vo
747 2244 782 2279 un
797 2244 833 2280 as.

105 2322 170 2373 ergo
188 2321 344 2373 corpoream
362 2309 488 2360 naturam
506 2306 588 2359 animi
607 2322 667 2358 csse
685 2299 829 2370 necessest,

105 2382 243 2450 corporeis
260 2383 388 2450 quoniam
406 2382 469 2436 telis
487 2382 599 2450 ictuque
610 2380 730 2434 laborat.

141 2459 170 2512 ls
187 2458 238 2512 tibi
256 2475 326 2513 nunc
345 2461 450 2513 animus
468 2459 542 2528 quali
560 2459 597 2512 sit
614 2474 727 2524 corpore
748 2461 777 2510 et
795 2457 869 2511 unde

106 2535 260 2589 eonstiterit
278 2551 389 2604 pergam
408 2535 542 2589 rationein
560 2535 677 2588 reddere
695 2533 783 2588 dictis.

106 2611 236 2679 principio
255 2628 314 2665 esse
331 2614 374 2666 aio
392 2612 570 2680 persuptilem
589 2615 672 2681 atque
689 2610 802 2664 minutis

105 2704 236 2757 perquem
254 2688 413 2757 corporibus
431 2689 531 2740 lactum
550 2691 681 2750 constare.
698 2687 727 2740 id
746 2687 785 2740 itu
802 2704 862 2740 esso
920 2701 955 2741 rso

105 2763 168 2817 irino
185 2763 251 2818 licet
268 2764 396 2818 advertas
414 2765 534 2817 animum
552 2767 584 2817 ut
602 2779 764 2833 pernoscere
782 2763 875 2831 possis.

104 2840 142 2892 nil
160 2840 229 2894 adeo
247 2841 307 2894 lieri
325 2841 406 2894 celeri
426 2840 531 2894 rationo
550 2840 666 2906 videtur,

105 2932 185 2982 quarn
204 2917 256 2970 sibi
275 2933 352 2970 mens
370 2918 429 2970 lieri
448 2917 576 2986 proponit
594 2921 623 2970 et
641 2916 750 2970 inchoat
768 2916 834 2985 ipsa.

104 2991 177 3044 ocius
195 3009 260 3060 ergo
277 2993 383 3047 animus
401 3010 482 3063 quam
500 3010 544 3046 res
562 3010 592 3046 se
609 2993 714 3062 perciet
732 2993 793 3060 uilla,

103 3069 168 3119 aute
186 3069 276 3121 oculos
293 3086 408 3138 quorum
425 3069 453 3122 in
470 3073 599 3138 promptu
616 3072 715 3122 natura
732 3069 847 3122 videtur.
919 3082 954 3121 rso

105 3146 135 3195 ut
152 3143 225 3208 quod
243 3144 342 3197 mobile
360 3149 438 3199 tanto
456 3149 572 3214 operest,
590 3150 715 3199 constare
733 3144 860 3198 rutundis

25 3229 61 3276 e.
103 3233 238 3286 perquam
253 3219 399 3272 seminibus
418 3220 502 3274 debet
519 3237 704 3290 perquamque
721 3220 840 3283 minutis,

112 3311 200 3356 ''n''
257 3291 458 3384 *ὒΙἏἨἎ
509 3303 591 3384 uit*
618 3305 834 3420 τῗιωῑ*
886 3301 972 3392 mii?

636 3423 643 3442 .

1043 3385 1067 3406 κ,
1100 3377 1101 3402 ξ

1092 3418 1098 3441 Ι
