2252 3530
102 149 141 208 46
510 155 545 211 ΙΙ

101 253 242 309 munificat
259 255 345 309 tacita
361 255 484 310 mortalis
502 261 578 312 muta
595 259 690 329 salute,

101 346 165 384 aere
182 334 265 401 atque
283 335 397 400 argento
414 336 540 387 sternunt
557 335 612 388 iter
629 353 708 391 omne
726 337 829 392 viarum

101 397 223 474 largifica
240 408 312 477 stipe
330 407 450 462 ditantes
467 410 637 481 ninguntque
654 429 776 468 resarum

101 481 213 536 floribus
230 484 388 538 umbrantes
405 490 522 539 matrem
540 488 723 557 comitumque
741 499 871 548 catervas.

1 618 2 621 Ἰ
100 558 144 613 hic
162 564 267 614 minata
285 577 387 630 manus,
406 561 520 616 Curetas
538 564 645 618 nomine
664 565 728 621 Grai

100 652 167 702 ques
179 640 331 690 memorant
345 637 483 706 Phrygios,
495 639 567 693 inter
579 657 608 693 se
619 641 691 696 forte
703 644 780 709 quod
788 647 882 700 armis

100 711 198 766 ludunt
215 711 243 765 in
262 730 460 781 numerumque
478 715 603 770 exultant
620 719 819 786 sanguinolenti

100 789 232 843 terrificas
251 789 371 859 capitum
391 791 546 858 quatientes
564 793 681 847 momine
699 796 803 866 cristas,

37 893 39 896 ·
100 864 229 919 Dictaeos
246 866 370 919 referunt
390 866 504 921 Curetas
523 869 568 935 qui
588 869 661 923 Iouis
678 870 753 926 illum

100 941 221 1008 vagitum
238 942 266 994 in
285 941 367 995 Creta
385 942 521 1010 quondam
539 945 688 1000 occultasse
705 948 837 1018 fertmtur,

100 1034 162 1070 cum
179 1018 258 1087 pueri
277 1018 378 1071 circum
396 1035 512 1088 puerum
528 1021 640 1090 pernice
658 1023 756 1079 chorea

100 1096 214 1149 armatci
231 1095 259 1148 in
276 1111 419 1149 nnmerum
438 1096 579 1165 pulsarent
597 1100 705 1154 aeribus
723 1119 793 1170 aera,

100 1189 134 1226 ne
153 1173 285 1226 Saturnus
304 1189 366 1226 eum
384 1173 461 1226 malis
479 1175 623 1230 mandaret
640 1178 757 1247 adeptus

99 1252 294 1317 aeternumque
313 1249 392 1303 daret
410 1250 492 1303 matri
512 1250 562 1304 sub
579 1256 691 1321 pectore
710 1256 810 1310 volnus.

99 1330 246 1395 propterca
263 1342 389 1394 magnam
408 1327 505 1379 armati
525 1331 641 1382 matrem
660 1332 832 1399 comitantur,

100 1406 148 1457 aut
164 1404 228 1470 quia
246 1403 398 1471 significant
417 1402 507 1455 divam
525 1405 683 1473 praedicere
701 1411 733 1461 ut
749 1409 831 1462 armis

99 1496 132 1533 ae
148 1481 251 1534 virtute
268 1479 353 1533 velint
370 1480 487 1548 patriam
506 1479 653 1535 defendere
671 1487 772 1537 temam

99 1555 289 1625 praesidioque
307 1560 406 1625 parcnt
425 1555 569 1624 decorique
587 1560 745 1626 parentibus
763 1577 829 1615 esso.

100 1649 169 1701 quae
186 1632 255 1686 benc
274 1636 303 1686 et
320 1632 417 1686 eximie
436 1633 558 1701 quamvis
576 1635 698 1704 disposta
715 1638 845 1705 ferantur,

99 1708 179 1778 longe
200 1712 263 1762 sunt
282 1712 375 1762 tamen
393 1725 410 1760 a
427 1725 492 1762 vera
509 1709 616 1764 ratione
633 1713 749 1782 repulsa.

99 1785 186 1840 omnis
205 1786 276 1838 enim
293 1802 345 1854 per
362 1802 391 1838 se
409 1785 499 1839 divom
516 1789 615 1840 natura
631 1794 768 1844 necessest

98 1861 236 1916 inmortali
254 1878 320 1915 aero
338 1878 444 1915 summa
462 1880 523 1916 cum
541 1880 608 1932 pace
626 1863 733 1919 fruatur

100 1942 204 1992 semota
222 1937 374 1991 abnostris
392 1937 474 1991 rebus
493 1939 669 2007 seiunctaque
686 1942 773 2010 longe.

99 2032 161 2068 nam
179 2015 286 2084 priuata
305 2014 398 2068 dolore
417 2015 497 2082 omni,
515 2017 622 2084 privata
639 2018 755 2087 periclis,

97 2093 158 2162 ipsa
175 2092 231 2144 suis
249 2091 354 2160 pollens
373 2091 476 2160 opibus,
494 2093 531 2144 nil
549 2092 640 2161 indiga
659 2095 753 2164 nostri,
804 2103 806 2110 '

98 2187 148 2223 nec
165 2169 235 2223 bene
252 2167 409 2238 promeritis
428 2169 536 2237 capitur
554 2186 642 2238 neque
660 2172 781 2240 tangitur
798 2173 846 2228 ira.

54 2262 86 2293 ess
98 2246 142 2300 hie
160 2245 244 2314 siquis
261 2261 336 2298 mare
355 2244 516 2313 Neptunum
536 2246 718 2316 Cereremque
736 2265 832 2303 vocare

98 2321 239 2376 constituit
257 2321 349 2389 fruges
367 2325 397 2375 et
416 2320 517 2376 Bacchi
536 2323 642 2377 nomine
660 2324 735 2378 abuti

98 2399 199 2452 mavolt
217 2414 299 2467 quam
316 2397 404 2452 laticis
424 2399 564 2468 proprium
583 2401 705 2469 proferre
722 2416 858 2470 vocamen,

97 2476 276 2530 concedamus
294 2478 326 2528 ut
343 2475 386 2528 hie
404 2478 539 2528 terrarum
558 2476 667 2530 dictitet
685 2476 777 2530 orbem

98 2570 157 2607 esse
176 2553 258 2606 deum
276 2555 400 2619 matrem,
419 2551 483 2604 dum
503 2557 725 2606 verumtamen
743 2554 801 2623 ipso

51 2643 85 2675 ⁶⁸⁰
96 2628 227 2698 religione
246 2629 365 2681 animum
382 2629 457 2697 turpi
476 2629 633 2696 contingere
652 2634 753 2698 parcat.

50 2710 172 2761 aeterra
189 2705 298 2774 quidem
317 2721 380 2759 vero
399 2711 474 2760 earet
494 2705 566 2757 omni
584 2708 707 2774 tempore
725 2723 812 2775 sensu,

96 2787 126 2838 et
143 2783 207 2851 quia
223 2782 370 2835 multarum
390 2782 495 2851 potitur
512 2780 662 2850 primordia
679 2798 777 2848 rerum,

96 2859 182 2913 multa
199 2858 287 2912 modis
305 2859 398 2913 multis
422 2859 502 2912 effert
519 2859 547 2911 in
567 2857 669 2927 lumina
688 2859 756 2912 solis.

51 2948 84 2980 ⁶⁶0
132 2936 219 3007 Saepe
237 2935 330 3006 itaquo
350 2954 383 2990 ex
401 2953 455 2990 uno
473 2936 620 2989 tondentes
638 2935 760 3004 gramina
778 2952 873 3005 campo

95 3013 233 3080 lanigerae
253 3014 373 3081 pecudes
391 3016 420 3066 ot
438 3029 569 3081 equorum
590 3012 706 3067 duellica
723 3013 814 3082 proles

97 3087 282 3155 buceriaeque
298 3105 396 3156 greges
414 3090 511 3143 eodem
530 3091 580 3143 sub
598 3090 719 3158 tegmine
737 3089 804 3142 caeli

98 3180 132 3215 ox
151 3180 260 3232 unoque
278 3164 353 3217 sitim
372 3165 500 3218 sedantes
518 3165 627 3218 flumine
645 3166 724 3235 aquai

91 3238 224 3292 'dissimili
243 3239 334 3291 vivont
353 3240 443 3308 specie
460 3241 634 3310 retinentque
652 3246 797 3311 parentum
