2252 3530
110 290 161 327 noc
179 275 301 344 repentis
319 275 387 328 itum
406 273 639 344 cuiusviscumquo
658 277 803 331 animantis

111 350 243 403 sentimus
260 367 309 403 noc
327 350 405 419 priva
421 350 523 419 pedum
541 351 657 419 vestigia
673 369 806 421 quaeque,

110 443 223 495 corpore
240 443 312 496 quae
329 427 357 480 in
374 433 467 481 nostro
485 427 584 482 culices
602 432 632 482 et
649 435 741 482 cetera
758 431 869 498 ponunt.
926 444 961 482 000

111 518 199 572 usque
217 502 286 556 adeo
304 504 380 572 prius
398 507 441 558 cst
458 504 486 557 in
504 503 582 557 nobis
601 506 688 559 multa
705 505 833 559 ciendum

66 599 98 633 aaa
112 577 217 631 semina
235 580 393 648 corporibus
410 580 512 634 nostris
529 581 645 634 inmixta
661 599 712 650 per
729 584 813 648 artus,

67 668 101 703 aaa
112 671 194 721 quam
212 656 363 724 primordia
381 657 529 710 sentiscant
547 671 675 711 concussa
693 657 793 710 animai

111 733 140 784 ct
157 748 239 800 quam
257 732 286 785 in
303 732 346 786 his
362 734 513 788 intervallis
530 733 680 788 tuditantia
696 734 801 803 possint

110 823 271 862 concursare
289 809 361 863 coire
378 814 407 863 ct
426 809 572 865 dissultare
589 809 727 880 vicissim]
924 826 960 866 aas

144 885 182 938 Et
199 885 285 953 magis
303 889 347 939 est
364 886 469 940 animus
486 887 552 940 vitai
571 887 690 942 claustra
707 904 835 942 coercens

109 964 139 1015 ct
156 961 339 1015 dominantior
357 963 495 1016 advitam
515 979 597 1032 quam
616 963 656 1016 vis
674 964 781 1017 animai.

109 1054 171 1090 nam
189 1038 246 1091 sine
265 1051 356 1092 mente
374 1039 519 1107 animoque
536 1040 632 1108 nequit
649 1039 771 1093 residere
789 1057 838 1107 per
856 1041 932 1092 artus

109 1116 239 1182 temporis
258 1116 382 1182 exiguam
400 1121 508 1183 partem
528 1133 591 1184 pars
609 1116 665 1169 ulla
683 1116 790 1180 animai,

109 1190 158 1242 scd
176 1207 266 1244 comes
283 1191 437 1259 insequitur
455 1192 531 1244 fncilc
550 1196 578 1245 et
597 1191 714 1245 discedit
732 1192 759 1244 in
778 1209 857 1244 auras
922 1206 959 1244 000

109 1273 138 1319 et
156 1267 262 1334 gelidos
280 1271 356 1320 nrtns
375 1267 401 1319 in
421 1267 468 1320 loti
488 1268 589 1335 frigore
607 1267 714 1336 linquit.

109 1347 139 1395 at
157 1347 249 1396 manet
266 1343 294 1396 in
313 1343 370 1396 vita
388 1344 430 1396 cui
449 1361 525 1397 mens
544 1345 704 1412 animusque
722 1344 860 1397 remansit.

110 1419 233 1486 quamvis
252 1424 295 1473 est
313 1420 415 1472 circum
435 1419 520 1472 caesis
539 1420 610 1472 lacer
629 1421 750 1486 undique
769 1419 899 1473 membris

110 1499 230 1561 truncus
249 1497 379 1565 adempta
398 1496 487 1548 anima
504 1495 604 1549 circum
624 1496 808 1564 membrisque
827 1498 934 1549 remota

110 1571 177 1625 vivit
196 1577 224 1625 et
242 1571 378 1626 aetherias
397 1571 488 1624 vitalis
507 1572 619 1640 suscipit
638 1588 724 1625 auras.
922 1587 958 1625 000

111 1647 134 1698 si
151 1664 204 1699 non
223 1648 391 1714 omnimodis,
410 1652 439 1701 at
459 1664 555 1714 magna
574 1653 651 1716 parte
671 1647 768 1700 animai

110 1725 238 1792 privatus,
257 1730 346 1777 tamen
365 1725 391 1776 in
411 1725 466 1777 vitn
485 1729 628 1778 cunctatur
647 1728 676 1778 et
693 1725 803 1789 lracret3

84 1855 87 1860 ,
111 1803 149 1867 nt,
168 1801 285 1853 lacerato
304 1801 380 1853 oculo
399 1801 500 1853 circum
519 1800 542 1853 si
561 1801 661 1869 pupula
679 1799 778 1853 mansit

110 1877 259 1943 incolumis,
277 1880 333 1929 stat
351 1877 481 1930 cernundi
502 1878 592 1930 vivata
609 1881 738 1946 potestas,

112 1951 258 2005 dummodo
275 1969 310 2005 ne
327 1955 416 2006 totum
436 1970 592 2021 corrumpas
611 1953 718 2005 luminis
736 1952 831 2005 orbem
923 1967 959 2006 410

111 2034 139 2082 et
157 2030 256 2083 circum
276 2029 374 2082 caedas
392 2030 475 2082 aciem
496 2030 635 2096 solamque
655 2030 808 2096 rolinqnns3

110 2105 140 2157 id
158 2121 266 2173 quoquo
284 2105 355 2158 enim
374 2105 432 2158 sinc
450 2105 570 2172 pernicie
587 2122 640 2157 non
660 2105 708 2157 fiet
726 2121 827 2158 eornm.

110 2185 140 2234 at
158 2182 180 2234 si
199 2183 305 2234 tantula
323 2198 386 2249 pars
405 2182 472 2234 oculi
494 2182 584 2234 modia
602 2181 648 2233 illa
665 2197 762 2248 peresa
780 2184 830 2246 est,

110 2258 209 2312 occidit
228 2258 364 2326 extemplo
383 2258 473 2311 lumen
492 2256 677 2324 tenebraeque
696 2261 831 2322 secuntur,

109 2334 250 2388 incolumis
269 2335 391 2402 quamvis
410 2333 508 2402 aliquoi
526 2333 563 2386 sil
583 2332 741 2402 splendidus
760 2332 840 2385 orbis.
924 2347 958 2384 na

110 2411 160 2464 hoc
178 2411 269 2465 anima
286 2418 369 2479 atque
388 2411 493 2464 animus
511 2411 594 2464 vincti
613 2413 676 2462 sunt
694 2409 805 2461 loedere
824 2424 939 2476 sempor.

143 2488 168 2539 N
172 2505 222 2542 unc
241 2506 299 2556 age,
318 2488 423 2541 nativos
441 2485 626 2539 animantibus
645 2489 673 2538 ct
692 2483 816 2537 mortalis

109 2580 168 2617 esso
187 2565 288 2616 animos
307 2565 464 2630 animasque
484 2561 599 2615 leviant
618 2578 728 2614 noscere
746 2561 842 2629 possis,

109 2642 261 2708 conquisita
278 2641 326 2694 diu
344 2639 473 2707 dulcique
491 2642 603 2707 reporta
622 2637 712 2690 laboro

109 2717 191 2784 digna
210 2720 257 2770 tua
274 2733 384 2784 pergam
405 2715 552 2782 disponere
570 2714 689 2766 carmina
708 2730 779 2766 cura.
924 2725 960 2762 000

110 2798 140 2846 tn
158 2794 200 2847 fac
217 2800 366 2860 utrumque
385 2791 430 2842 nni
451 2790 597 2856 subiungas
616 2805 713 2842 nomon
732 2805 835 2855 corum,

109 2873 191 2935 atque
210 2870 325 2922 animam
346 2866 420 2919 vorbi
441 2882 522 2918 cansa
540 2881 600 2916 cum
620 2864 710 2917 dicore
728 2880 848 2931 pergam,

109 2944 251 2997 mortalem
264 2961 323 2996 csso
336 2944 443 3005 decenn,
457 2941 577 2992 animum
590 2955 697 3008 quoque
709 2939 801 2992 dicere
814 2939 917 3004 crcdnS,

110 3024 243 3086 quatenns
262 3024 304 3072 est
322 3035 404 3070 nnrnn
423 3018 497 3068 inter
515 3033 544 3069 00
563 3015 758 3083 coniunctaque
775 3030 821 3068 res
840 3019 889 3066 cst,

109 3095 241 3164 principio
260 3095 386 3161 qnonimn
405 3097 515 3146 tenuem
534 3097 657 3144 constare
675 3091 786 3144 minutis
926 3102 961 3142 425

110 3170 266 3238 corporibus
286 3169 364 3222 ‹locni
383 3169 524 3236 multoque
543 3167 691 3220 minoribns
711 3182 770 3218 esso

109 3245 251 3316 principiis
269 3245 366 3297 inciam
386 3260 467 3311 quam
489 3244 608 3312 liquidus
626 3259 704 3293 unior
721 3241 802 3308 aquai
