2244 3532
95 121 130 178 14
511 122 527 177 Ι

91 240 155 278 nam
174 239 343 292 quacumque
361 228 439 278 vacat
457 225 583 292 spatium,
601 224 676 293 quod
693 225 773 280 inane
791 242 926 292 vocamus,

92 316 191 369 corpus
208 317 242 354 ea
258 315 312 352 non
329 303 388 367 est3
411 316 466 371 qua
483 316 565 369 porro
583 316 699 369 cumque
718 304 796 356 tenet
813 319 843 356 se

90 392 197 444 corpus,
215 393 247 430 ea
264 375 378 430 uacuum
395 393 568 446 nequaquam
586 380 693 448 constat
710 379 796 432 inane.

92 455 157 504 sunt
173 452 257 520 igitur
275 451 362 505 solida
380 469 411 506 ac
429 452 487 506 sinc
504 453 577 505 inani
595 468 708 520 corpora
725 455 821 523 prima.
907 474 945 514 510

92 531 235 595 practerea
246 527 380 602 „quopiam
397 527 498 596 genitis
515 529 544 581 in
561 527 645 582 rebus
661 529 775 598 inanest,

93 604 234 657 materiem
253 601 354 658 circum
373 605 487 658 solidam
505 607 629 658 constare
647 610 791 672 necessest,

92 695 142 732 nec
160 696 204 732 res
222 679 278 733 ulla
294 684 388 748 potest
405 697 471 734 vera
488 681 594 733 rationo
612 679 722 748 probari

91 771 204 822 corporo
223 755 301 809 inane
320 773 369 808 suo
387 757 476 810 oclare
494 759 577 824 atque
595 757 668 809 intus
686 757 795 824 habere,

91 831 115 884 si
133 848 205 898 nom,
213 831 287 898 quod
304 831 422 896 cohibet,
441 831 558 885 solidum
575 835 701 888 constare
718 833 863 902 relinquas
908 850 943 890 trs

90 906 121 960 id
138 923 220 975 porro
237 907 275 959 nil
293 923 353 960 esse
371 911 463 976 potest
480 908 533 961 nisi
551 908 680 980 materiai
835 968 838 974 ,

91 982 240 1049 concilium,
259 983 332 1051 quod
349 983 430 1036 inane
448 987 531 1052 queat
548 1000 641 1037 rerum
657 977 791 1041 cohibere.

92 1059 220 1112 materies
239 1059 330 1126 igitur,
349 1058 435 1114 solido
453 1076 524 1126 quae
541 1075 653 1127 corpore
671 1063 786 1128 constat,

90 1151 150 1202 csse
168 1140 280 1188 aeterna
297 1138 471 1217 1¹2me
488 1139 582 1188 cetera
600 1079 964 1267 dissoluuntur&

6 1141 151 1307 7tum
168 1227 250 1279 porro
266 1211 291 1264 si
309 1210 347 1263 nil
365 1215 442 1265 osset
456 1210 530 1279 quod
547 1211 627 1265 inane
645 1216 762 1278 vocaret,
889 1214 893 1215 ⁷
918 1229 943 1267 ao

91 1303 170 1340 omne
187 1288 259 1341 foret
277 1287 407 1353 solidum;
431 1287 484 1340 nisi
502 1290 597 1341 contra
614 1302 728 1356 corpora
745 1290 821 1340 certa

9 1401 14 1408 -
50 1393 52 1398 ·
91 1367 183 1418 essent
201 1380 270 1431 quae
287 1363 346 1416 loca
364 1364 532 1432 complerent
549 1379 735 1432 quaecumque
752 1367 889 1432 tenerent,

91 1456 171 1493 omne
189 1441 262 1508 quod
282 1443 332 1504 est,
351 1440 471 1508 spatium
489 1441 760 1493 vacuum‘constaret
777 1441 864 1493 inane.

91 1515 203 1569 alternis
220 1516 305 1582 igitur
322 1516 449 1568 nimirum
467 1530 565 1582 corpus
583 1514 656 1567 inani

91 1591 284 1658 distinctumst,
302 1591 429 1658 quoniam
447 1606 497 1644 nec
516 1589 627 1656 plenum
644 1589 751 1666 pariter
769 1594 847 1646 extat
905 1607 941 1649 tto

90 1683 139 1720 nec
156 1682 238 1734 porro
254 1683 378 1719 vacuum.
397 1668 462 1720 sunt
479 1681 546 1733 ergo
563 1681 676 1733 corpora
694 1665 769 1719 certa

90 1759 159 1809 quae
178 1741 296 1810 spatium
314 1741 395 1809 pleno
412 1740 518 1808 possint
535 1739 703 1807 distInguere
721 1741 807 1796 inane.

90 1818 157 1871 baec
174 1834 262 1885 neque
280 1816 392 1870 dissolui
409 1816 497 1885 plagis
514 1816 684 1870 extrinsecus
701 1817 756 1871 icta

89 1897 206 1962 possunt
222 1909 272 1946 nec
290 1909 371 1960 porro
388 1892 498 1961 penitus
515 1895 660 1962 penetrata
678 1894 767 1946 retexi

90 1986 140 2024 nec
158 1969 264 2024 ratione
282 1971 387 2035 queunt
405 1968 458 2022 alia
475 1970 612 2037 temptata
630 1968 737 2034 labare3
904 1984 941 2024 seo

89 2046 119 2099 id
137 2045 282 2115 quodiam
301 2061 383 2113 supra
400 2044 452 2099 tibi
465 2044 550 2113 paulo
568 2045 738 2098 ostendimus
757 2048 828 2098 ante.
870 2057 911 2080 ⁴·

90 2139 153 2176 nam
171 2139 259 2191 neque
275 2121 375 2176 conlidi
394 2121 451 2174 sine
468 2121 541 2174 inani
560 2137 640 2188 posse
657 2120 767 2174 videtur

90 2201 233 2268 quicquam
252 2215 301 2260 nec
319 2197 408 2266 frangi
425 2213 476 2250 nec
493 2196 561 2250 findi
580 2197 607 2250 in
625 2195 690 2250 bina
707 2195 824 2250 secando

90 2292 140 2328 nec
157 2291 255 2344 capere
272 2290 395 2327 umorem
413 2290 503 2342 neque
520 2273 586 2327 item
604 2271 739 2326 manabile
756 2272 842 2339 frigus

89 2369 140 2406 nec
157 2352 326 2421 penetralem
344 2350 442 2418 ignem,
461 2349 560 2419 quibus
577 2349 668 2402 omnia
686 2348 874 2402 conficiuntur.
904 2362 939 2402 set

89 2432 119 2482 ct
137 2444 191 2495 quo
209 2420 333 2496 quaeque
351 2427 438 2494 magis
456 2425 566 2480 cohibet
584 2441 628 2478 res
645 2425 720 2477 intus
737 2423 825 2490 inane,

89 2509 146 2558 tam
164 2505 251 2572 magis
268 2504 311 2557 his
336 2503 419 2557 rebus
436 2503 546 2571 penitus
564 2503 699 2567 temptata
716 2498 841 2552 labascit.

88 2597 155 2648 ergo
173 2581 196 2634 si
214 2579 300 2632 solida
317 2597 349 2632 nc
368 2579 425 2631 sine
443 2578 517 2630 inani
535 2591 649 2643 corpora
665 2575 755 2644 prima

89 2659 153 2708 sunt
170 2655 210 2708 itu
227 2655 268 2708 uti
288 2654 375 2717 docui,
394 2654 449 2706 sint
467 2653 534 2706 haec
552 2654 665 2714 aeterna
681 2653 827 2705 necessest.

88 2734 234 2800 praeterea
250 2729 302 2782 nisi
320 2729 449 2782 materies
467 2732 579 2782 aeterna
596 2727 700 2794 fuisset,
792 2771 796 2776 .
904 2739 940 2778 tto

87 2807 205 2860 antehac
222 2805 259 2859 ad
276 2806 361 2859 nilum
379 2804 487 2873 penitus
504 2819 549 2857 res
561 2817 692 2872 'quaeque
709 2802 847 2858 redissent

87 2883 125 2935 de
142 2883 252 2951 niloque
269 2885 366 2935 renata
382 2882 474 2934 forent
492 2896 678 2949 quaecumque
695 2879 826 2956 videmus.

86 2961 118 3012 at
136 2958 264 3025 quoniam
282 2973 366 3026 supra
383 2956 463 3010 docui
480 2956 518 3010 nil
535 2971 615 3024 posse
634 2955 720 3008 creari

59 3080 63 3088 .
87 3033 124 3087 de
141 3034 197 3093 nilo
214 3049 303 3101 nequo
321 3033 396 3102 quod
412 3032 535 3101 genitum
554 3034 596 3084 cst
614 3031 650 3084 ad
667 3031 704 3083 nil
722 3047 770 3084 rev
788 3029 843 3096 cari
962 3038 974 3061 ⁰

87 3127 149 3166 esse
166 3111 304 3165 inmortali
322 3109 472 3188 priquia
488 3124 601 3176 corpore
618 3047 867 3250 debentff
897 3063 1003 3202 ω’]

86 3187 202 3242 dissolui
221 3202 275 3255 quo
293 3201 418 3256 quaeque
436 3200 562 3253 supremo
580 3187 704 3252 tempore
773 3181 836 3250 sint,
