2252 3530
107 141 165 198 112
498 142 585 204 ΙΙΠ.

103 245 223 314 eorporis
240 247 324 313 atque
342 244 431 298 animi.
449 245 482 299 fit
499 247 540 301 uti
558 263 622 316 pars
639 245 703 299 inde
721 245 820 300 animai

103 321 218 375 eiciatur
236 330 265 375 et
282 323 430 374 introrsum
449 339 513 390 pars
530 322 625 376 abdita
642 321 732 390 cedat,
921 337 959 376 aas

103 414 166 468 pars
185 397 267 451 etiam
286 395 420 451 distracta
438 415 488 467 per
505 405 582 452 artus
599 415 652 452 non
671 402 755 467 queat
773 416 833 451 csse

102 474 245 528 coniuncta
263 473 336 526 inter
353 489 383 526 se
401 489 489 542 neque
507 478 584 528 motu
601 479 696 528 mutua
714 475 805 542 fungi;

102 549 175 605 inter
193 550 264 603 cuim
283 549 372 615 saepit
390 556 484 603 coetus
501 554 600 605 natura
617 551 743 620 viasque3

103 643 168 694 ergo
187 643 281 680 sensus
299 625 358 680 abit
376 627 489 680 mutatis
507 626 628 681 motibus
645 627 707 681 alte.

102 705 132 756 ot
149 703 275 771 quoniam
293 718 348 756 non
366 705 410 756 est
428 702 505 771 quasi
522 701 596 771 quod
614 703 750 758 suffulciat
767 707 851 768 artus
920 719 958 760 aee

30 793 32 798 ·
103 778 193 833 debile
211 778 243 833 fit
261 795 361 848 eorpus
377 776 610 848 languescuntque
628 780 717 834 omnia
735 780 865 848 membm,

102 852 230 908 bracchia
247 854 448 923 palpebraeque
465 854 568 909 cadunt
585 856 757 924 poplitesque
775 857 885 910 cubanti

103 945 184 998 saepe
203 934 294 983 tamen
313 931 521 985 summittuntur
539 931 658 998 virisque
676 931 822 986 resolvunt.

102 1005 202 1060 deinde
219 1005 310 1059 cibum
329 1006 452 1075 sequitur
469 1023 585 1072 somnus,
604 1007 675 1076 quia,
693 1024 763 1076 quae
780 1008 846 1062 iacit
864 1025 919 1076 aer,

103 1081 169 1136 haec
188 1081 285 1135 eadem
304 1081 387 1149 cibus,
405 1082 433 1134 iu
452 1099 533 1136 serras
551 1083 617 1136 dum
635 1084 741 1138 diditur
758 1085 852 1150 omnis,
917 1099 956 1138 aas

103 1157 191 1210 efficit.
209 1160 238 1211 ct
255 1157 342 1210 multo
360 1174 440 1226 sopor
458 1159 503 1211 illo
520 1159 696 1226 gravissimus
713 1164 806 1214 exstat

102 1249 184 1300 quem
202 1236 279 1293 satur
296 1237 345 1286 aut
362 1233 449 1286 lassus
467 1235 565 1302 capias,
582 1235 646 1304 quia
663 1236 780 1304 plurima
798 1241 857 1290 trun
875 1253 905 1291 so

103 1324 218 1376 corpora
235 1308 401 1362 conturbant
418 1325 516 1377 magno
533 1315 647 1365 contusa
665 1311 766 1366 laboro.

102 1383 135 1437 fit
152 1385 257 1438 ratione
276 1385 371 1438 eadem
390 1385 527 1440 coniectus
545 1386 646 1455 partim
664 1388 763 1442 animai

102 1459 182 1513 altior
200 1463 284 1529 atque
300 1460 373 1513 foras
391 1461 495 1514 eiectus
511 1461 612 1530 largior
630 1463 695 1531 eius,

101 1538 131 1589 et
149 1536 260 1589 divisior
277 1536 350 1590 inter
368 1554 397 1590 33
415 1553 446 1590 33
464 1537 620 1592 distractior
637 1540 665 1592 in
683 1543 746 1594 test.

137 1612 173 1667 Et
191 1629 245 1681 quo
263 1613 379 1682 quisque
396 1613 454 1667 scre
472 1615 563 1669 studio
582 1614 726 1670 devinctus
743 1616 875 1672 adhaeret

101 1691 149 1741 aut
167 1688 265 1756 quibus
282 1689 310 1741 in
329 1688 411 1742 rebus
428 1689 544 1744 multum
563 1707 656 1746 sumus
673 1697 738 1746 anto
756 1694 853 1747 morati

101 1767 185 1832 atque
202 1764 230 1818 in
248 1781 280 1818 ea
297 1765 403 1818 ratione
420 1765 473 1819 fuit
491 1771 620 1822 contenta
637 1769 724 1836 magis
742 1786 826 1833 mons,

101 1841 129 1894 in
147 1841 248 1894 sonrnis
266 1842 363 1895 eadem
381 1843 542 1911 plerumque
559 1845 684 1898 videmur
702 1845 793 1912 obire;
917 1863 953 1902 eos

100 1916 228 1970 causidici
246 1933 340 1970 caumas
358 1935 439 1986 agere
457 1923 486 1972 et
504 1936 666 1987 componere
684 1921 766 1989 leges,

101 1991 310 2062 induperatores
327 2009 450 2062 pugnare
468 2012 500 2049 ac
517 1997 621 2065 proelia
638 1998 723 2061 obire,

101 2071 201 2121 nautae
219 2072 390 2124 contractum
408 2087 469 2124 cum
488 2073 578 2126 ventis
596 2073 697 2141 degere
715 2071 825 2138 bellum,

101 2159 149 2196 nos
167 2161 249 2213 agere
266 2145 317 2200 hoc
334 2151 426 2200 autem
445 2152 474 2201 et
492 2153 616 2202 naturam
635 2165 767 2218 quaerere
786 2167 877 2204 rorum

101 2236 209 2289 semper
226 2225 255 2275 et
272 2221 410 2276 inventam
428 2224 524 2291 patliis
541 2241 678 2292 exponere
695 2225 803 2280 chartis.
915 2241 953 2282 aro

101 2299 195 2350 cetera
212 2297 250 2351 sic
267 2297 360 2352 studia
377 2303 460 2368 atque
477 2304 552 2355 artes
569 2302 729 2370 plerumque
747 2302 875 2356 videntur

99 2371 128 2425 in
146 2374 247 2426 somnis
264 2374 368 2428 animos
385 2375 523 2429 bominum
540 2377 674 2431 frustrata
691 2381 793 2431 tencre.

101 2451 130 2502 et
147 2450 309 2519 quicumque
327 2451 386 2505 dies
404 2452 504 2506 multos
521 2470 555 2506 ex
574 2454 670 2507 ordino
688 2454 759 2507 ludis

100 2524 228 2578 adsiduas
246 2526 383 2581 dederuut
401 2544 505 2596 operas,
523 2529 683 2597 pierumque
700 2529 832 2596 ridemus,

101 2616 162 2653 cum
181 2601 235 2655 iam
253 2600 421 2657 destiterunt
439 2621 471 2657 ea
489 2605 612 2658 sensibus
631 2622 770 2675 usurpare,
915 2622 952 2661 ors

100 2676 215 2732 relicuas
232 2681 324 2732 tamen
343 2695 403 2732 csso
421 2680 478 2732 rias
495 2679 521 2732 in
540 2685 632 2735 mento
650 2682 777 2751 patentis,

100 2769 154 2822 qua
171 2753 276 2822 possint
293 2755 389 2808 eadem
407 2771 499 2809 rerum
518 2757 662 2811 simrdaora
679 2758 776 2811 venire.

99 2845 150 2896 per
167 2829 267 2884 multos
284 2830 377 2900 itaque
394 2831 440 2884 illa
458 2831 516 2885 dies
534 2831 630 2886 cadem
649 2832 829 2888 obversantur

99 2907 164 2958 ante
182 2906 281 2973 oculos,
299 2907 381 2961 etiam
400 2907 543 2975 vigilantes
561 2911 593 2962 ut
611 2908 755 2963 videantur

100 2995 213 3034 cernere
232 2981 355 3036 saltantis
373 2986 402 3037 et
419 2983 509 3037 mollia
527 2984 649 3038 membra
667 2986 802 3039 nrovontis
913 3000 950 3039 aso

10 3115 14 3124 Ι
100 3058 130 3107 et
147 3055 269 3111 citharae
285 3058 419 3128 liquidum
437 3076 545 3114 carmen
564 3061 733 3130 chordasque
750 3062 887 3129 loquentis

99 3129 210 3184 auribus
227 3134 350 3201 accipere
367 3139 396 3188 ct
413 3153 570 3190 consessum
587 3154 699 3192 eernere
716 3139 833 3192 eundem

99 3206 243 3274 mansique
260 3209 339 3264 simul
359 3213 447 3266 varios
464 3213 609 3282 splendere
627 3215 746 3269 decores.
