2234 3526
135 135 192 192 188
541 131 590 190 VI

130 237 291 304 sudorisque
309 237 423 290 madens
440 253 490 303 por
507 236 604 290 collum
623 236 781 306 splendidus
798 253 884 305 umor,

130 314 221 369 tenvia
238 317 320 380 00010
337 313 450 381 minuta,
468 313 540 368 croci
558 317 684 367 contacta
700 313 790 368 colore

130 392 262 460 salsaque,
279 406 330 458 per
346 390 437 444 fauces
454 406 550 444 raucas
569 390 614 442 vix
633 390 708 444 edita
725 390 801 444 10001.

130 471 159 523 10
176 468 300 522 manibus
317 485 383 522 vero
399 469 476 522 nervi
493 469 604 523 trahere
622 473 651 524 et
669 473 788 524 tremere
805 472 882 522 artus
936 481 983 523 000

129 564 146 600 a
163 545 332 614 pedibusque
350 545 507 599 minutatim
525 547 672 602 succedere
689 547 774 615 frigus

130 639 184 676 uon
202 621 354 676 dubitabat.
371 622 438 675 item
456 621 492 675 ad
510 639 666 692 supremum
685 624 802 693 denique
819 627 930 694 tempus

130 716 292 768 conpressae
310 715 398 766 nares,
415 699 474 752 nasi
491 700 625 768 primoris·
635 717 749 755 acumen

132 782 220 844 tenve,
237 776 325 829 cavati
342 775 419 841 oculi,
436 793 502 830 cava
518 780 649 846 tempora,
667 777 766 845 frigida
782 777 862 847 pellis

131 852 262 921 duraque,
272 853 301 904 iu
312 868 359 905 ore
371 852 460 906 trucei
472 852 579 922 rictum,
590 854 666 908 frons
677 856 755 907 tenta
767 853 901 908 tumebat.
935 867 984 908 nes

131 948 180 985 nec
197 931 281 984 nimio
298 931 380 997 rigidi
397 932 460 1001 pest
477 933 554 984 artus
572 934 662 985 morte
678 929 809 984 iacebant.

131 1011 281 1076 octavoque
297 1008 356 1061 lere
373 1007 501 1061 candenti
518 1007 620 1061 lumine
637 1007 702 1061 00110

132 1088 180 1138 001
198 1085 280 1138 etiam
299 1101 369 1137 nona
386 1083 541 1138 reddebant
558 1084 685 1153 lampade
702 1085 794 1138 vitam.

131 1177 247 1230 quorum
265 1159 350 1229 siquis
367 1159 421 1214 1101
439 1160 541 1214 vitarat
557 1161 654 1214 funera
669 1159 724 1226 1011,

131 1238 269 1292 ulceribus
286 1238 384 1292 taetris
402 1240 431 1292 et
448 1238 527 1306 nigra
544 1238 667 1308 proluvie
685 1238 739 1293 alvi
938 1253 985 1293 raoo

131 1315 267 1385 posteriue
284 1316 377 1369 tamen
394 1315 465 1369 hunc
483 1314 562 1369 tabes
580 1315 720 1382 letumque
738 1316 873 1382 manebat,

131 1396 180 1446 aut
197 1393 280 1446 etiam
298 1392 399 1445 multus
417 1392 515 1461 0001110
532 1409 595 1446 cum
612 1408 695 1461 saepe
712 1392 807 1448 dolore

132 1473 276 1538 corruptus
295 1468 403 1536 sanguis
421 1467 537 1536 expletis
556 1468 667 1522 naribus
684 1468 757 1524 ibat:

132 1544 185 1599 huc
201 1545 315 1599 hominis
333 1548 408 1598 totae
427 1545 498 1598 vires
515 1561 667 1615 corpusque
684 1545 793 1600 fluebat.

133 1621 296 1692 profluvium
313 1637 396 1692 porro
413 1621 461 1690 qui
479 1621 564 1675 taetri
581 1621 720 1689 sanguinis
737 1639 800 1676 acre
939 1635 987 1675 1000

133 1699 245 1766 exierat,
264 1702 357 1752 tamen
374 1699 402 1751 10
419 1714 518 1751 nervos
535 1698 597 1752 huic
614 1697 725 1751 morbus
742 1701 771 1752 et
787 1701 865 1753 artus

132 1775 191 1830 ibat
208 1778 238 1829 et
255 1776 283 1828 10
301 1775 388 1844 partis
405 1774 533 1843 genitalis
550 1774 672 1844 corporis
689 1774 769 1842 ipsas.

133 1857 162 1905 et
179 1851 302 1919 graviter
320 1852 421 1920 partim
439 1855 594 1905 metuentes
613 1850 705 1904 limina
723 1850 770 1905 let'

132 1925 261 1979 vivebant
278 1926 351 1980 ferro
368 1927 468 1995 privati
485 1931 566 1997 parte
583 1928 662 1996 virili,
736 1919 740 1929 ¹

133 2007 162 2057 et
180 2001 304 2056 manibus
322 2003 380 2057 sine
397 2003 518 2057 nonnulli
535 2005 708 2075 pedibusque
725 2005 875 2060 manebant
939 2019 987 2074 100

132 2080 160 2133 10
177 2079 236 2134 vita
252 2083 352 2148 tamen,
369 2083 399 2134 et
416 2079 570 2149 perdebant
587 2081 690 2142 lumina
706 2082 820 2152 partim:
975 2075 977 2078 ’

133 2173 220 2226 usque
237 2157 306 2211 adeo
324 2157 420 2211 mortis
437 2161 527 2211 metus
543 2157 587 2211 his
603 2145 754 2214 1001000101
771 2174 840 2214 acer.

133 2237 217 2304 atque
235 2234 318 2289 etiam
337 2233 471 2303 quosdam
488 2251 587 2306 cepere
605 2227 705 2291 oblivia
722 2253 814 2290 rerum

135 2316 299 2379 cunctarum,
317 2329 406 2381 neque
424 2328 453 2365 se
470 2314 583 2381 possent
600 2329 762 2382 cognoscere
778 2316 811 2366 01
827 2312 886 2379 ipsi.

134 2388 357 2458 multaquehumi
365 2405 425 2442 eum
433 2388 574 2443 inhumata
582 2389 825 2459 iacerentcorpora
833 2405 914 2457 supra
940 2404 988 2444 121⁵

133 2464 299 2535 corporibus,
317 2469 410 2518 tamen
428 2465 543 2520 alituum
560 2483 647 2534 genus
665 2469 748 2536 atque
765 2465 885 2518 ferarum

133 2545 182 2596 001
198 2541 293 2609 procul
311 2541 462 2610 apsilicbat‚
480 2546 511 2596 ut
529 2559 620 2596 aorem
637 2543 743 2597 exciret
760 2541 879 2609 odorem,

134 2621 190 2686 001,
207 2617 255 2671 011
267 2621 405 2686 ¹perstaret,
423 2618 571 2687 languebat
588 2623 677 2673 morte
694 2618 854 2689 propinqua.

134 2711 185 2750 nec
202 2698 295 2750 tamen
312 2694 421 2748 omnino
439 2697 544 2750 temere
562 2696 616 2749 illis
635 2695 735 2749 solibus
752 2693 808 2747 ulla

134 2771 310 2842 comparebat
327 2771 392 2838 avis,
410 2787 460 2825 nec
479 2772 572 2826 tristia
590 2773 678 2826 saecla
695 2773 814 2826 ferarum
941 2785 990 2826 rane

134 2849 263 2903 cneibant
281 2849 361 2902 silvis,
380 2848 547 2917 languebant
564 2849 694 2918 pleraque
711 2848 806 2903 morbo

134 2928 164 2978 et
181 2925 374 2980 moriebantur.
392 2943 454 2981 cum
472 2927 568 2995 primis
586 2926 642 2980 fida
660 2943 755 2980 000010
772 2925 814 2979 vis

136 3003 223 3054 strata
240 3001 290 3054 viis
308 3003 424 3056 animam
442 3002 562 3071 ponebat
580 3003 609 3056 in
627 3002 751 3056 omnibus
770 3019 866 3070 aegre;

136 3077 317 3144 extorquebat
335 3080 407 3132 enim
424 3081 509 3133 vitam
527 3082 568 3135 vis
586 3079 711 3134 morbida
729 3079 865 3134 membris

85 3167 186 3204 00000
205 3153 275 3205 ratio
292 3155 397 3207 remedi
415 3159 565 3212 communis
583 3157 809 3225 0001000101οη
942 3173 991 3214 000

135 3244 198 3282 nam
216 3230 289 3297 quod
307 3229 342 3282 ali
360 3230 477 3286 dederat
494 3234 585 3289 vitalis
602 3235 673 3290 aeris
690 3252 771 3290 auras
