2244 3532
529 88 584 124 XXX

692 168 704 194 Ο

132 218 213 257 causo
231 204 261 257 et
283 220 345 258 cum
370 204 502 259 orationis
522 207 731 276 sententiaeque
753 208 934 279 detrimento’,
953 216 986 268 ut

132 290 223 345 verbis
235 293 299 345 utar
312 291 445 360 Madvigii
458 291 564 346 emend.
578 292 635 347 Liv.
644 309 670 362 p.
681 298 738 361 123,
748 294 796 349 ubi
805 295 846 349 vir
857 297 985 352 eruditis-

132 376 215 430 simus
226 375 278 430 hoc
290 376 420 446 loquendi
432 394 518 446 genus
529 378 656 433 illustrat.

183 465 233 522 768
267 462 332 518 libri
345 479 461 518 runenr.
497 464 688 519 Lachmannus
698 466 799 533 sulpit.

182 556 233 606 805
268 551 331 605 libri
350 566 475 606 rmnun.
516 551 705 606 Lachmannus
720 553 831 621 possim
850 555 908 609 sine
929 557 985 612 ulla

131 653 218 691 causa.
252 653 315 691 nam
331 638 359 691 in
377 644 427 693 988
445 655 555 707 quoque
573 639 708 693 mortalia
724 641 814 694 saecla
833 640 983 698 humanum

130 738 223 789 genus,
235 739 288 776 non
300 740 380 777 omne
391 740 477 792 genus
489 724 660 779 animantum‘
669 724 811 792 significat.

182 813 234 862 854
268 825 319 878 pro
343 824 477 863 nnrunur
496 809 592 878 scripsi
610 825 674 863 cum
695 809 844 878 Bernaysio
865 818 983 866 mutent.

130 894 158 948 in
171 895 309 965 superiore
321 912 402 950 versu
414 912 463 964 pro
475 910 589 949 nnnnnn
606 895 797 950 Lachmannus
812 912 895 952 overe
907 896 983 967 quod

131 997 193 1033 curn
204 980 433 1049 praecedentibus
445 981 592 1050 coniungit.

182 1073 231 1122 881
269 1067 420 1137 quadratus
432 1083 488 1121 rsn
505 1083 550 1122 ms
568 1083 604 1122 ur
622 1083 679 1123 uon
697 1083 835 1124 snrrsns.
870 1084 983 1137 prossr

131 1152 264 1223 oblongus
284 1170 333 1208 srr.
368 1154 463 1224 scripsi
484 1154 605 1228 circat
625 1172 684 1209 non
707 1163 751 1210 sat
770 1173 837 1223 per.
869 1174 930 1225 par
953 1156 981 1209 in

131 1240 253 1308 margine
264 1241 382 1309 primum
398 1241 568 1310 adscriptum
584 1240 669 1295 fuisse
680 1241 798 1309 videtur,
810 1245 842 1295 ut
853 1242 881 1295 in
892 1242 981 1296 locum

130 1326 216 1395 inepti
233 1344 306 1396 pars
325 1329 532 1396 supponeretur,
546 1330 575 1380 et
590 1326 655 1380 indo
670 1327 699 1380 in
711 1344 820 1382 versum
833 1328 981 1397 irrepsisse.

131 1412 319 1468 Lachmannus
339 1413 438 1481 partis
461 1420 493 1466 ut
516 1412 543 1466 si
562 1429 629 1481 por,
652 1414 727 1483 quod
750 1415 796 1468 vix
820 1415 980 1484 intellegere

130 1515 248 1568 possum.
282 1500 405 1568 loquitur
422 1503 505 1569 poeto
519 1499 554 1553 de
570 1498 653 1554 rebus
668 1516 703 1554 ex
721 1500 880 1569 alienigenis
896 1517 981 1555 mern-

130 1583 188 1638 bris
199 1586 238 1639 ita
250 1586 404 1654 compactis,
412 1588 444 1640 ut
454 1587 494 1640 vis
503 1591 533 1640 et
544 1589 667 1654 potestas
676 1587 820 1656 utriusque
829 1587 918 1656 pertis
926 1603 980 1642 non

131 1671 198 1726 satis
210 1689 260 1741 par
272 1689 332 1726 esse
341 1672 434 1741 possit.

182 1763 233 1812 888
267 1774 318 1826 pro
330 1772 447 1811 runnrm
459 1757 554 1827 scripsi
565 1775 656 1826 puero
669 1759 717 1813 olli
729 1758 796 1827 (ola).
831 1759 980 1815 Lachman-

129 1857 181 1894 nus
199 1857 261 1895 cum
282 1841 401 1894 Avantio
415 1842 524 1909 pueris,
542 1858 597 1910 quo
613 1841 672 1895 ‘nil'
689 1842 728 1896 ait
741 1844 807 1898 ‘aut
824 1843 916 1898 verius
934 1861 980 1898 cs-

129 1925 244 1996 cogiteri
256 1928 408 1996 potestant
419 1927 574 1997 pulchrius'.

180 2018 229 2068 901
267 2013 748 2085 verocumed.lunt.post‹1uidem
763 2016 866 2072 addidi.
897 2017 981 2072 Lach-

129 2113 244 2152 mannns
255 2098 283 2151 in
295 2098 428 2168 principio
440 2115 535 2153 vorsus
548 2101 678 2169 denique.

181 2190 232 2238 923
266 2201 317 2253 pro
328 2199 354 2239 s1
366 2185 463 2254 scripsi
475 2202 527 2240 res.
562 2186 752 2240 Lachmannus
766 2188 815 2243 eis.

181 2273 231 2328 947
266 2287 317 2340 pro
335 2286 499 2326 cnsmmmr
518 2272 653 2341 llorbiger
670 2273 773 2342 optimc
791 2273 889 2328 Olaru'
905 2272 981 2328 citat.

130 2357 319 2411 Lachmannus
341 2358 502 2427 Olariqitat,
522 2358 596 2426 quod
618 2376 670 2412 nee
690 2358 792 2413 dicitur
812 2359 910 2414 Latine
930 2376 981 2414 nee

128 2442 183 2497 dici
200 2446 294 2514 potest
308 2461 366 2513 nec,
378 2445 401 2498 si
417 2444 564 2513 diceretur,
577 2445 652 2514 quod
666 2445 713 2498 ille
724 2446 816 2512 voluit,
828 2445 981 2515 significare

128 2534 229 2597 posset.

180 2618 230 2673 975
266 2615 418 2670 rectissime
435 2615 598 2684 Naugerius,
616 2632 670 2670 non
688 2617 831 2684 Aventius,
848 2621 911 2688 post
930 2620 980 2675 987

127 2703 304 2771 transposuit.
329 2702 388 2756 ‘hie
411 2703 503 2756 omnia
525 2701 595 2755 mira
619 2703 690 2756 sunt’
712 2703 751 2757 ait
775 2703 980 2768 Lachnrennus;

127 2790 166 2844 nil
185 2793 277 2843 tamen
295 2789 446 2843 mirabilius
464 2805 546 2858 quam
562 2788 637 2858 quod
649 2789 708 2857 ipse
720 2788 816 2842 effecit.
852 2805 916 2842 nam
928 2792 979 2846 970

127 2875 154 2928 in
168 2874 223 2928 duo
237 2892 333 2930 versus
351 2874 510 2929 dimidiatos
524 2874 645 2942 diremit,
658 2889 775 2944 quorum
792 2874 873 2928 unius
889 2875 980 2945 finem,

127 2962 240 3015 alterius
257 2962 366 3016 initium
383 2962 555 3017 intercidisse
572 2961 647 3028 vult3
671 2961 773 3017 deinde
791 2962 842 3019 975
859 2961 981 3016 medium

127 3047 202 3102 inter
211 3046 261 3102 has
272 3065 400 3103 versuum
412 3051 506 3118 partes
519 3047 643 3116 collocat,
655 3047 763 3102 adiecta
774 3046 860 3102 totius
872 3050 981 3102 sentcn-

127 3134 184 3190 tiae
200 3134 347 3191 durissima
362 3134 598 3209 interpretatione.
633 3150 685 3202 ego
702 3137 794 3188 autem
812 3136 862 3192 970
881 3132 981 3187 lenitcr
