2252 3530
524 145 595 200 1111
933 141 990 202 113

138 247 311 318 usqueadeo
331 247 421 314 magni
439 245 526 301 refert
545 246 665 300 studium
684 251 767 315 atque
786 247 920 316 voluptas,

139 324 283 392 atquibus
301 324 329 376 in
347 322 429 376 rebus
446 325 605 376 consuerint
622 339 681 376 esse
700 324 805 391 operati
904 361 910 369 ·
953 340 989 379 999

138 417 191 452 999
209 400 332 452 homines
350 399 436 453 solum
455 399 504 452 sed
523 415 587 453 vero
605 399 732 452 animalia
749 403 851 453 cuncta.

138 475 240 545 quippe
258 475 365 529 videbis
383 492 466 544 equos
484 475 571 542 fortis,
589 492 650 529 cum
670 476 792 529 membra
809 475 944 543 iacebunt,

137 552 166 604 in
184 552 284 604 somnis
303 551 402 604 sudare
420 555 514 604 tamen
533 552 692 620 spirareque
710 568 817 620 semper

137 632 166 681 ct
185 625 262 696 quasi
282 628 317 680 de
334 627 426 695 palma
443 644 560 681 summas
578 626 743 681 contendere
760 628 826 680 viris

136 707 184 757 aut
203 704 279 772 quasi
297 703 451 757 carceribus
469 703 614 772 patefactis
632 721 806 759 9999999999
868 727 870 731 -
952 721 989 758 990
1058 733 1068 748 r

94 804 125 838 99
137 783 338 849 venantumque
355 796 435 833 canes
453 781 481 832 in
499 780 574 832 molli
593 794 674 848 saepe
692 780 786 848 quiete
993 793 994 796 ’

94 856 239 910 reiectant
257 872 336 909 crura
353 859 445 908 tamen
464 855 555 908 subito
574 872 708 925 vocesque
725 863 840 924 repente

136 932 251 985 mittunt
270 935 299 986 et
317 931 414 984 erebro
431 930 588 986 redducunt
604 931 714 984 naribus
732 947 820 998 auras,

136 1011 168 1060 ut
184 1008 301 1076 vestigia
319 1007 342 1060 si
359 1011 473 1061 teneant
490 1007 602 1061 inventa
619 1008 744 1072 ferarum,

136 1085 375 1151 expergefactique
394 1087 523 1137 secuntur
540 1084 630 1137 inania
649 1101 730 1154 saepe
951 1100 987 1138 999

92 1182 123 1214 eos
135 1175 275 1212 cervorum
294 1159 446 1226 simulacra,
463 1160 545 1226 fugae
563 1161 640 1228 quasi
659 1160 755 1213 dedita
772 1164 892 1228 9999999,

135 1235 222 1289 donec
239 1234 369 1288 discussis
387 1234 502 1288 redeant
520 1235 659 1288 erroribus
676 1235 712 1288 ad
730 1253 765 1288 se.

134 1314 164 1364 at
182 1314 311 1364 consueta
329 1310 403 1363 domi
421 1310 573 1363 catulorum
591 1310 692 1363 blanda
709 1327 831 1379 propago

90 1407 123 1440 999
135 1387 273 1440 discutere
291 1391 320 1440 et
338 1402 436 1455 corpus
454 1387 489 1439 de
508 1389 583 1440 terra
601 1386 738 1454 corripere
755 1387 859 1441 instant
950 1404 987 1442 999

134 1461 249 1532 proinde
268 1462 345 1530 quasi
363 1463 470 1530 ignotas
489 1463 571 1516 facies
589 1465 674 1531 atque
692 1479 740 1515 ora
758 1466 878 1517 tuantur.
938 1479 987 1517 1001

135 1543 164 1593 99
182 1555 236 1606 quo
255 1554 380 1607 quaeque
398 1538 486 1606 magis
504 1541 567 1592 sunt
585 1554 683 1607 aspera
701 1538 881 1606 seminiorum,

134 1619 193 1669 tam
211 1615 298 1682 magis
315 1615 342 1666 in
361 1613 462 1668 somnis
480 1613 577 1667 eadem
596 1615 701 1668 saevire
721 1619 868 1669 necessust.

134 1695 163 1743 at
182 1691 272 1744 variae
290 1691 399 1758 fugiunt
418 1689 540 1743 volucres
558 1690 703 1758 pinnisque
721 1693 836 1758 repente

134 1766 281 1820 sollicitant
299 1766 390 1819 dirorn
408 1768 541 1819 nocturno
559 1769 683 1834 tempore
701 1767 782 1831 lucos,

133 1842 277 1910 accipitres
295 1859 389 1895 somno
407 1843 434 1894 in
452 1841 507 1895 leni
526 1841 549 1895 si
567 1842 670 1911 proelia
687 1858 793 1912 pugnas

133 1919 217 1972 edere
235 1922 298 1972 sunt
315 1922 502 1987 persectantes
520 1919 649 1987 visaeque
667 1917 798 1972 volantes.
936 1935 985 1974 1010

133 2011 214 2063 porro
231 1994 370 2047 hominurn
390 1999 503 2062 urentes,
521 1996 627 2062 magnis
646 2011 716 2063 quae
734 1993 853 2048 motibus
871 1994 959 2050 edunt

133 2086 238 2138 magna,
249 2069 346 2123 itidem
358 2087 439 2139 saepe
452 2070 479 2123 in
492 2072 592 2124 somnis
604 2071 762 2139 faciuntque
774 2075 937 2139 gerantque,

134 2163 213 2213 reges
231 2150 395 2214 expugnant,
415 2147 566 2214 capiuntur,
587 2147 689 2216 proelia
707 2147 830 2212 miscent,

133 2223 234 2276 tollunt
251 2222 396 2276 clamorem
415 2223 492 2290 quasi
510 2223 533 2275 si
550 2223 708 2290 iugulentur
725 2222 835 2277 ibidem.

133 2299 212 2352 multi
230 2299 388 2367 depugnant
405 2297 580 2366 gemitusque
599 2299 736 2352 doloribus
754 2298 841 2352 edunt
936 2313 985 2351 1015

133 2379 163 2428 ct
181 2375 257 2444 quasi
276 2373 426 2442 pantherae
444 2389 536 2426 morsu
553 2374 660 2426 saevive
677 2374 762 2426 leonis

133 2452 299 2504 mandantur
316 2449 420 2515 magnis
439 2447 601 2506 clarueribus
620 2449 708 2502 onmia
726 2449 871 2517 complent.

133 2526 212 2580 multi
231 2526 267 2580 de
284 2524 390 2594 magnis
407 2541 457 2593 per
475 2541 599 2578 somnum
617 2524 693 2578 rebu'
710 2525 860 2594 loquuntur

131 2602 286 2670 indicioque
305 2601 346 2655 sui
364 2601 429 2655 laeti
447 2616 580 2670 persaepe
598 2601 681 2655 fuere.

132 2677 212 2732 multi
231 2680 348 2730 mortem
367 2676 478 2730 obeunt.
495 2677 582 2744 multi,
601 2677 636 2731 de
654 2675 791 2730 montibus
809 2675 875 2730 altis
935 2691 984 2730 9999

131 2758 165 2807 99
183 2754 230 2821 qui
247 2752 429 2822 praecipitent
447 2752 483 2806 ad
500 2756 603 2806 terram
622 2769 735 2821 corpore
752 2755 819 2818 toto,

133 2831 313 2883 externantur
331 2831 411 2881 etex
430 2845 524 2882 somno
543 2829 620 2896 quasi
638 2828 769 2884 mentibu'
787 2827 861 2896 capti

132 2905 178 2959 vix
196 2903 232 2958 ad
250 2919 279 2957 se
296 2903 416 2957 redeunt
433 2906 548 2972 permoti
567 2906 686 2974 corporis
703 2907 788 2959 aestu.

132 2981 233 3034 flumen
251 2981 317 3035 item
336 2979 433 3034 sitiam
450 2985 499 3036 aut
515 2981 619 3037 sontem
637 2985 750 3050 propter
768 2996 911 3035 amoenum

132 3057 242 3111 adsidet
259 3059 288 3110 99
305 3057 394 3108 totum
411 3071 495 3123 prope
513 3057 635 3112 faucibus
652 3060 765 3126 occupat
782 3073 898 3113 amnem.
933 3072 982 3112 1015

132 3133 195 3204 puri
213 3149 295 3201 saepe
313 3131 401 3186 laeum
418 3135 535 3199 propter
550 3133 572 3186 si
590 3149 622 3186 ae
639 3133 713 3187 dolia
730 3137 807 3188 curta

133 3225 227 3264 somno
245 3206 364 3262 devincti
382 3205 499 3262 credunt
517 3223 547 3262 99
565 3209 697 3265 extollere
715 3212 829 3278 restem,
905 3280 918 3287 ..
