2244 3532
518 131 583 185 xviii

168 271 220 320 298
256 266 446 321 Lachmannus
458 268 517 322 sinc
529 284 610 322 eausa
622 271 686 323 ante
699 275 749 324 296
762 270 910 324 collocavit.

169 357 219 406 306
255 363 334 403 SITAS
351 353 419 407 adeo
431 353 577 408 manifesto
589 369 639 422 pro
651 353 731 407 sitast
746 355 878 423 scriptum
896 355 968 410 vider

116 441 163 491 tur
188 441 220 491 ut
243 437 294 490 hoc
318 438 430 507 quidem
454 439 514 494 loco
542 440 621 493 inter
648 445 781 508 utrosque
804 456 854 509 pro
879 452 969 498 iussn

116 533 270 583 mesatis
299 541 334 579 ex
364 525 406 579 ed.
439 525 511 579 Iunt.
542 525 665 594 recipere
694 542 749 578 non
779 525 970 579 dubitaverim.

116 606 244 662 librarius
256 615 391 677 atrosque
403 609 439 662 ad
451 609 519 664 silos
531 609 752 665 accommodarit.

167 699 218 748 358
253 694 405 748 rectissimo
424 693 504 748 eiecit
525 694 681 748 Lambinus
716 694 904 749 Laehmannus
924 694 970 749 vix

116 778 214 833 Latine
223 778 367 846 Nudaque
373 787 524 848 praeterea
531 780 638 847 perdit,
646 795 732 848 quom
739 780 889 848 expellitur
896 797 968 834 asco.

168 870 218 920 362
254 865 403 919 delendum
415 881 476 919 esse
493 881 555 918 cum
572 864 704 918 lembino
722 881 766 919 res
785 865 845 934 ipsa
861 864 969 919 clamet.

115 966 177 1004 eum
189 950 217 1003 in
229 950 352 1018 margine
367 950 465 1019 aliquis
484 949 664 1018 adscripsisse
680 949 798 1018 videtur,
809 953 842 1004 ut
858 966 969 1020 corrup

115 1039 175 1089 tum
187 1035 272 1089 ducat
284 1034 440 1103 explicaret.
472 1034 660 1088 Lachmannus
671 1033 743 1088 hunc
754 1050 864 1089 versum
875 1035 969 1104 inepte

115 1121 189 1176 inter
201 1128 251 1177 363
265 1124 293 1175 ct
306 1127 356 1176 364
369 1121 467 1189 posuit.

165 1213 217 1266 374
252 1208 353 1263 retinui
378 1208 509 1262 librorum
533 1219 654 1261 Arimis
677 1220 844 1260 ELEMENTA.
869 1208 908 1261 ita
937 1223 967 1263 v1

115 1299 164 1353 755
176 1294 229 1348 loci
241 1311 290 1362 ope
301 1294 403 1361 suffieit
415 1294 518 1363 scripsi.
555 1294 745 1350 Laclrmannus
762 1295 895 1349 edomata
912 1295 967 1348 mi·

117 1380 319 1436 aorooaimoi.
931 1385 937 1397 ·

164 1472 216 1521 405
249 1483 300 1536 pro
312 1480 478 1521 ismenias
490 1456 681 1522 Lachnisnnus
693 1469 795 1523 aerios.

165 1560 215 1608 412
227 1559 256 1609 et
268 1561 319 1608 415
337 1571 420 1624 prave
436 1555 542 1624 expulit
558 1554 765 1621 Lachmannus;
785 1555 885 1624 quibus
901 1556 965 1611 sub-

113 1639 177 1693 latis
197 1639 303 1693 animae
323 1643 352 1693 et
375 1641 459 1693 animi
479 1640 647 1709 comparatio
669 1657 730 1693 cum
754 1641 825 1695 oculi
848 1642 916 1696 orbe
936 1646 966 1696 ct

112 1724 214 1794 pupula
225 1742 280 1778 non
291 1729 405 1780 constat.

163 1817 214 1865 415
236 1828 286 1880 pro
305 1815 434 1882 corrupto
453 1823 583 1879 saroam,
605 1813 772 1881 transposita
790 1829 846 1867 nna
864 1813 965 1878 littera

112 1898 223 1965 aliquoi
236 1899 339 1968 scripsi.
376 1899 476 1954 deinde
494 1899 532 1953 sit
548 1898 651 1967 addidi,
663 1899 739 1968 quod
756 1899 883 1952 facillime
901 1903 965 1954 ante

43 1995 45 2002 “
111 1985 277 2052 splendidos
290 1986 419 2041 excidere
431 1986 529 2055 potuit.

163 2075 212 2123 421
228 2070 430 2125 Lachmannum
438 2074 549 2125 secutus
561 2087 629 2139 snm,
637 2070 689 2125 etsi
698 2074 889 2138 argumentum
900 2087 965 2138 quo

113 2155 259 2209 dammodo
282 2156 381 2210 inverti
402 2156 518 2211 ridetur.
550 2149 768 2224 scribendunme,
788 2156 863 2225 quod
878 2162 907 2210 ct
928 2158 964 2210 ad

112 2241 196 2294 libros
210 2243 322 2311 propius
339 2242 446 2296 accedit
462 2245 492 2297 et
507 2243 597 2312 aptius
614 2246 657 2298 est
672 2243 708 2296 ad
721 2244 894 2310 sententiam,
907 2261 964 2297 urio

111 2325 162 2378 scil)
173 2325 277 2393 iunges
289 2327 403 2380 naariae
415 2329 537 2383 coram?

163 2418 214 2468 428
232 2413 363 2467 librorum
377 2414 539 2482 scripturam
552 2414 671 2468 restitui.
707 2415 903 2482 Lachmannus,
916 2431 965 2483 pro

112 2514 179 2554 ΝΛΜ
199 2501 343 2555 scribendo
367 2501 438 2569 iam,
458 2517 568 2556 causam
592 2517 655 2553 cum
679 2501 778 2554 effectu
799 2501 965 2555 confundere

113 2586 228 2640 videtur.
247 2587 278 2641 ci.
293 2593 344 2642 203
357 2606 418 2657 sqq.
428 2591 457 2643 et
469 2605 529 2641 ann.
543 2587 608 2656 phil.
623 2587 699 2641 (taint.
711 2601 722 2640 1
736 2605 763 2657 p.
771 2593 812 2642 33.
831 2587 964 2640 ‘animus’

112 2671 152 2725 ait
170 2675 253 2741 poet-a
272 2671 400 2740 ‘egregio
419 2672 528 2726 mobilis
542 2675 604 2738 est3
621 2687 686 2740 crgo
701 2689 836 2742 perquem
853 2674 966 2729 minutis

112 2757 272 2826 corporibus
284 2758 407 2813 constat’.

164 2848 214 2897 430
232 2846 262 2896 et
273 2848 324 2896 433
337 2859 354 2896 a
367 2842 541 2898 Lachmanno
554 2844 655 2896 eiectos
667 2843 783 2898 restitui.

164 2934 215 2983 444
232 2945 282 2997 pro
306 2940 512 2981 iaceamuscm
536 2928 633 2998 scripsi
657 2928 690 2982 in
714 2946 768 2996 quo
794 2931 898 2985 habitet
921 2932 966 2985 sit.

113 3015 302 3070 Lachmannus
322 3015 349 3070 is
367 3017 518 3084 solidescit,
542 3015 764 3083 interrogationis
782 3022 849 3070 nota
864 3018 892 3071 in
912 3018 965 3071 linc

113 3103 260 3171 superioris
272 3119 367 3157 versus
379 3104 476 3172 posite.

165 3195 213 3244 531
234 3206 282 3258 pro
299 3202 395 3250 Arous
407 3201 506 3242 ANIMO
519 3200 605 3255 Hanc,
626 3192 734 3243 mutate
750 3206 804 3243 una
819 3191 965 3258 transposi-
