2252 3530
563 158 616 214 III
976 164 1010 221 ll

161 268 209 319 aut
226 263 326 318 nebula
343 267 392 316 aut
409 264 615 316 sumum-nam
634 263 713 332 longe
732 265 885 319 mobilitate

160 344 284 408 praestat
301 342 331 393 et
349 356 366 394 a
383 340 458 393 tenui
476 355 557 392 causa
575 341 660 406 magis
678 340 733 394 icta
750 345 889 407 movetur3

158 417 260 486 quippe
273 416 321 469 ubi
332 415 496 483 imaginibus
506 415 573 468 fumi
587 415 755 485 nebulaeque
768 422 900 473 movetur.
978 434 1015 474 sae

161 494 234 561 quod
252 511 338 561 genus
355 493 383 545 in
402 491 502 546 somnis
521 491 602 560 sopiti
621 492 666 544 ubi
687 495 822 548 cernimus
841 495 897 548 alte

160 570 288 622 exhalare
308 585 435 638 vaporem
454 567 551 621 altaria
569 568 697 637 ferreque
717 571 836 636 fumum;

157 662 220 700 nam
233 645 325 713 procul
339 645 400 698 hinc
412 643 496 697 dubio
509 644 588 698 nobis
601 644 746 699 simulacra
757 651 944 714 genunturz-

159 738 231 774 nuuc
247 721 332 789 igitur
351 721 477 790 quoniam
497 721 632 790 quassatis
649 722 771 791 undiquc
789 724 859 777 rasis

159 797 281 852 diffluere
298 814 420 851 runorcm
441 800 470 850 et
488 797 596 851 laticem
615 797 757 853 discedere
775 801 861 853 cernis
977 813 1013 852 ess

159 878 188 928 et
205 875 304 928 nebula
322 891 354 928 ac
371 874 462 928 fumus
482 875 607 940 quoniam
627 874 743 931 discedit
760 876 787 929 in
806 892 893 943 auras,

158 952 240 1004 credo
258 951 375 1004 animam
394 967 503 1020 quoque
523 951 638 1004 diffundi
657 953 798 1021 multoque
815 951 906 1021 perire

157 1027 233 1081 ocius
251 1031 279 1081 et
298 1027 378 1080 citius
398 1026 509 1080 dissolri
528 1027 556 1080 in
575 1045 689 1097 corpora
706 1031 801 1098 prima,

157 1119 219 1156 curn
238 1103 320 1157 semel
341 1121 375 1156 ex
392 1103 510 1156 hominis
530 1103 659 1158 membris
678 1104 771 1158 ablata
788 1103 909 1158 recessit.

132 1213 134 1218 -
158 1180 259 1248 quippe
271 1179 373 1232 etenim
386 1196 491 1248 corpus,
507 1180 581 1245 quod
594 1198 642 1234 ras
654 1182 731 1249 quasi
744 1180 869 1234 constitit
881 1179 948 1246 eius,
977 1193 1013 1232 440

158 1272 240 1324 quam
259 1254 386 1308 cohibere
407 1256 502 1324 nequit
521 1260 731 1324 conquassatum
749 1273 783 1309 ex
801 1256 892 1324 aliqua
909 1271 940 1308 re

157 1347 190 1384 ac
208 1331 370 1384 rarefactum
394 1330 518 1384 detracto
538 1332 670 1400 sanguine
688 1332 771 1397 verris,

158 1423 222 1460 aere
240 1407 286 1477 qni
307 1407 404 1460 credas
422 1423 502 1475 posse
520 1408 591 1462 hauc
609 1407 762 1462 cohiberier
778 1408 842 1476 ullo,

158 1499 271 1552 corpore
288 1484 340 1552 qui.
355 1488 450 1537 nostro
469 1500 548 1538 rarus
565 1485 653 1552 magis
671 1485 698 1537 in
717 1501 770 1553 quo
788 1483 895 1538 habitet
913 1483 967 1536 siti

196 1560 342 1613 Praeterea
361 1561 434 1628 gigni
453 1561 557 1629 paritor
576 1578 637 1614 eum
656 1577 768 1628 corpore
786 1563 816 1614 et
833 1577 887 1613 una
977 1573 1013 1611 415

158 1653 280 1690 cresccre
299 1637 431 1690 sentimus
452 1636 610 1705 pariterque
630 1653 770 1690 senescere
788 1639 915 1690 mentem.

158 1729 225 1766 narn.
239 1713 314 1766 velut
333 1712 440 1766 infirmo
459 1713 537 1781 pueri
556 1717 706 1781 teneroque
723 1716 858 1780 regantur

157 1805 277 1857 corpore,
296 1789 334 1842 sic
353 1789 437 1842 animi
457 1789 582 1857 sequitur
600 1790 737 1843 sententia
754 1789 850 1842 tenvis.

156 1864 222 1918 inde
239 1865 286 1918 ubi
304 1865 424 1919 robustis
444 1865 564 1918 adolevit
582 1865 685 1919 viribus
703 1870 786 1933 aetas,

157 1942 299 1996 consilium
317 1960 424 2012 quoquc
443 1942 530 1995 maius
548 1946 578 1996 et
595 1942 703 2008 auctior¹
718 1945 761 1995 ost
777 1942 861 1995 animi
878 1941 925 1995 vis.

158 2021 220 2086 post
238 2018 284 2071 ubi
302 2019 356 2072 iam
375 2019 472 2072 validis
492 2023 651 2087 quassatum
669 2022 712 2072 est
730 2018 831 2070 viribus
848 2017 908 2070 aori

157 2109 254 2163 eorpus
272 2099 300 2148 ct
318 2095 422 2148 obtusis
443 2095 603 2149 ceciderunt
621 2094 724 2148 viribus
742 2099 826 2161 artus,

157 2170 291 2223 claudicat
309 2172 456 2239 ingenium,
476 2171 577 2224 delirat
596 2171 695 2238 lingua,
715 2171 786 2223 lohel
804 2187 889 2238 mens,

158 2247 247 2299 omnia
266 2247 396 2300 deficiunt
415 2252 498 2315 atquc
518 2264 572 2298 uno
591 2249 716 2314 ternpore
735 2247 842 2299 desunt.

157 2339 223 2389 ergo
242 2323 354 2375 dissolui
375 2340 483 2390 quoquc
503 2322 629 2374 convenit
647 2340 755 2376 omnem
773 2321 871 2375 animai

158 2403 290 2462 naturam,
309 2415 358 2451 eeu
377 2399 475 2462 sumus,
497 2399 524 2449 in
544 2398 614 2449 altas
632 2399 703 2451 aeris
722 2415 816 2463 auras;

158 2474 378 2542 quandoquidem
398 2474 472 2542 gigni
493 2473 598 2542 pariter
616 2474 774 2542 pariterque
792 2473 918 2526 ridemus

157 2554 333 2617 crescerem,
352 2557 384 2603 al
404 2548 490 2614 docui,
511 2547 590 2602 simul
610 2566 676 2603 aero
694 2549 767 2602 fessa
784 2549 879 2603 fatisci.

196 2626 257 2680 lluc
275 2626 382 2680 accedit
400 2626 441 2680 uti
461 2626 609 2693 rideamus,
630 2643 727 2695 corpus
744 2628 776 2679 ut
794 2625 881 2692 ipsum

157 2702 296 2770 suscipere
314 2703 429 2756 inmanis
449 2703 559 2757 morbos
578 2704 733 2771 durumque
751 2702 880 2768 dolorem,

157 2779 196 2832 sic
215 2779 334 2832 animum
352 2797 431 2833 curas
452 2779 522 2833 acris
540 2780 698 2846 luctumque
717 2782 891 2846 metumque;

158 2872 242 2923 quare
261 2856 422 2925 participem
440 2856 489 2908 leti
509 2872 618 2924 quoque
639 2856 765 2908 convenit
783 2871 850 2908 esso.

158 2932 223 2999 quin
242 2932 325 2986 etiarn
345 2931 446 2985 morbis
464 2931 492 2984 in
511 2932 632 3001 corporis
650 2932 725 2984 avius
743 2938 818 2984 errat

158 3020 239 3076 saepe
257 3008 377 3072 animus3
397 3008 531 3060 dementit
549 3007 620 3060 eninr
640 3007 782 3076 deliraque
800 3008 874 3061 fatur

155 3083 352 3152 interdumque
370 3083 446 3151 gravi
465 3083 590 3150 lethargo
608 3084 698 3136 fertur
715 3083 744 3135 iu
762 3083 847 3136 altum

158 3162 355 3229 aeternumque
374 3175 499 3227 soporem
517 3159 600 3212 oculis
618 3161 741 3228 nutuque
759 3158 877 3226 cadenti,

159 3235 232 3289 unde
250 3251 341 3304 noque
358 3233 474 3289 exaudit
491 3249 571 3288 voces
589 3249 641 3288 neo
656 3250 769 3288 noscere
787 3235 877 3290 voltus
