2234 3526
533 161 580 216 VI
934 162 989 220 185

136 282 207 334 quae
225 281 376 319 memorare
393 282 491 334 queam
509 266 582 319 inter
599 284 628 320 se
646 266 801 334 singlariter
818 269 890 337 apta

136 358 203 395 saxa
221 341 297 395 vides
315 342 433 411 primum
452 342 509 395 sola
526 342 660 397 colescere
678 343 758 398 calce.

136 417 242 486 glutine
260 419 388 473 materies
406 419 512 472 taurino
530 419 653 487 iungitur
671 437 732 489 uno,
1026 473 1029 478 .

137 498 169 548 ut
186 495 253 548 vitio
272 504 358 549 venae
375 494 528 549 tabularum
547 496 656 566 saepius
673 497 781 552 hiscant
847 521 851 528 .
942 511 989 551 roso

137 591 219 642 quem
237 573 329 627 laxare
347 579 448 642 queant
466 592 610 646 compages
627 581 722 631 taurea
740 575 835 630 vincla

138 649 249 718 vitigeni
267 649 361 705 latices
379 652 461 720 aquai
479 652 600 706 fontibus
617 652 720 707 audent
909 715 912 722 ¹

138 727 252 794 misceri,
271 744 332 780 cum
350 729 397 797 pix
415 724 642 798 nequeat'gravis
659 733 688 784 et
704 730 764 784 leve
782 727 887 782 clivom.

137 821 345 873 purpureusque
362 805 440 858 colos·
452 806 573 874 conchyli
590 807 712 876 iungitur
728 822 783 859 uno

138 897 249 950 corpore
262 898 324 935 cum
336 882 421 949 lanae,
434 882 526 936 dirimi
538 883 584 951 qui
597 900 651 937 nen
663 887 746 953 queat
756 875 888 952 usquam
944 895 991 934 1on

137 973 191 1010 non
209 959 232 1010 si
250 959 276 1011 N
278 960 373 1028 eptnni
391 959 476 1014 fluctu
493 977 625 1015 renovare
643 977 754 1030 operam
772 958 830 1026 des,

137 1050 197 1098 non,
215 1051 290 1088 mare
309 1035 331 1088 si
350 1039 439 1090 totum
460 1037 525 1091 vclit
543 1037 635 1092 eluere
653 1037 777 1092 omnibus
795 1034 884 1089 undis.

137 1109 255 1178 denique
273 1129 326 1165 non
343 1129 409 1165 auro
427 1130 472 1166 res
489 1131 586 1167 aurum
604 1114 715 1182 copulat
731 1130 786 1167 una

137 1187 247 1256 serique
265 1204 311 1242 aes
329 1189 440 1258 plumbo
458 1190 490 1243 fit
507 1191 549 1243 uti
566 1191 697 1258 iungatur
714 1189 749 1243 ab
767 1190 846 1243 albei

136 1267 229 1317 cetera
246 1264 300 1317 iam
317 1282 400 1334 quam
417 1267 503 1320 multa
520 1267 584 1322 licet
601 1267 736 1335 reperire!
756 1266 822 1334 quid
840 1265 923 1332 ergol
943 1277 991 1317 roco

137 1356 187 1393 nec
204 1340 256 1394 tibi
275 1346 332 1395 tam
351 1342 439 1410 longis
456 1359 524 1411 opus
543 1347 585 1396 est
603 1343 761 1411 ambagibus
779 1357 901 1409 usquam,

136 1433 187 1470 uec
204 1433 248 1470 mc
266 1422 323 1471 tam
341 1418 455 1472 multam
473 1419 516 1473 hic
533 1435 645 1487 operam
662 1435 822 1473 consumere
839 1434 889 1486 par
907 1418 958 1482 cst,

136 1492 186 1546 scd
203 1492 324 1547 breviter
342 1494 435 1562 paucis
452 1499 576 1564 praestat
593 1495 790 1565 comprendere
807 1493 900 1548 multa.

137 1585 252 1637 quorum
271 1571 310 1623 ita
328 1573 455 1624 texturae
473 1571 632 1625 ceciderunt
648 1575 745 1625 mutua
762 1574 865 1635 contra,

136 1650 168 1701 ut
186 1663 253 1699 cava
270 1647 432 1700 conveniant
449 1647 538 1717 plenis
554 1648 622 1702 haee
640 1647 712 1701 illius
729 1647 775 1702 illa
944 1659 992 1698 rose

135 1720 270 1790 huiusque
288 1722 360 1776 inter
378 1739 415 1790 se,
434 1724 560 1778 iunctura
576 1723 643 1777 haec
661 1723 765 1792 optima
782 1725 897 1778 constet.

135 1803 179 1854 cst
198 1799 289 1866 etiam,
308 1801 386 1870 quasi
403 1803 436 1854 ut
453 1800 548 1854 anellis
566 1800 709 1868 hamisque
726 1799 827 1870 plicata

136 1877 209 1930 inter
227 1892 257 1930 se
276 1875 410 1946 quaedem
428 1875 534 1946 possint
551 1877 658 1946 coplata
675 1879 778 1942 teneri;

138 1953 212 2022 quod
230 1953 316 2022 magis
334 1953 362 2007 in
379 1953 472 2024 lapide
489 1953 541 2008 hoe
558 1953 618 2006 fieri
635 1953 764 2024 ferroque
782 1952 898 2006 videtur.

174 2030 198 2082 N
201 2047 252 2083 mm
270 2030 341 2084 ratio
358 2048 428 2100 quae
445 2031 482 2084 sit
499 2030 602 2084 morbis
620 2034 668 2085 aut
685 2030 758 2084 unde
776 2034 891 2098 repente
945 2044 993 2083 loeo

138 2107 307 2160 mortiferam
324 2108 412 2176 possit
428 2107 534 2162 cladem
552 2107 669 2162 conflare
686 2109 781 2161 coorta
1027 2101 1030 2110 ’

139 2182 264 2237 morbida
281 2183 322 2236 vis
340 2183 479 2236 homiuum
496 2185 590 2252 generi
607 2184 797 2252 pecudumque
815 2182 939 2248 catervis,

139 2259 290 2328 expediam.
307 2260 424 2327 primum
442 2258 589 2312 multarum
608 2260 711 2312 semina
728 2275 820 2312 rerum

140 2351 201 2390 csse
219 2353 301 2405 supra
318 2335 399 2389 docui
417 2351 488 2404 quae
505 2335 560 2389 sint
578 2334 672 2388 vitalia
689 2334 775 2400 nobis,

139 2415 169 2466 et
187 2416 282 2467 contra
299 2429 369 2480 quae
387 2411 442 2466 sint
459 2410 554 2464 morbo
571 2409 708 2477 mortique
726 2412 864 2463 necessest
946 2421 992 2462 lose

140 2490 227 2544 multa
245 2489 342 2544 volare.
360 2506 394 2544 ea
411 2505 472 2542 cum
491 2505 556 2542 casu
573 2489 637 2540 sunt
653 2486 726 2540 forte
743 2489 836 2539 coorta

140 2570 170 2620 et
186 2567 384 2634 perturbarunt
401 2565 513 2631 eaelum,
531 2565 564 2618 fit
581 2562 723 2617 morbidus
740 2579 794 2616 aer.

139 2647 223 2713 atque
241 2660 274 2697 ca
291 2643 333 2696 vis
349 2643 436 2696 omnis
453 2641 610 2696 morborum
627 2640 818 2711 pestilitasque

139 2724 188 2774 arnt
205 2720 376 2774 extrinsecus
394 2724 425 2774 ut
442 2719 527 2773 nubes
545 2718 714 2788 nebulaeque
733 2733 850 2784 superne

139 2814 190 2866 per
207 2797 311 2852 caelum
330 2798 451 2864 veniunt,
468 2801 516 2851 aut
533 2797 592 2866 ipsa
610 2813 692 2865 saepe
709 2797 818 2849 coortae
946 2808 993 2846 noo

140 2873 176 2928 de
194 2877 269 2928 terra
287 2878 410 2943 surgunt,
428 2874 475 2928 ubi
493 2879 620 2944 putorem
637 2871 731 2925 umida
748 2872 855 2925 nactast

139 2951 341 3020 intempestivis
358 2950 509 3021 pluviisque
527 2955 556 3005 et
573 2949 675 3004 solibus
692 2949 754 3002 icta.

140 3044 231 3081 nonne
248 3027 325 3082 vidos
343 3028 427 3083 etiarn
445 3027 511 3082 caeli
529 3027 650 3081 novitate
668 3029 697 3079 et
714 3040 845 3092 aquarum

140 3104 271 3174 temptari
289 3105 383 3175 procul
401 3122 417 3158 a
434 3105 524 3174 patria
541 3103 705 3172 quicumque
723 3100 858 3169 domoque
1095 3175 1096 3178 Ἴ

78 3216 84 3222 ·
141 3181 292 3236 advenirmt
307 3184 370 3238 ideo
389 3181 454 3250 quia
470 3180 551 3248 longe
570 3178 748 3248 discrepitant
765 3179 827 3232 resl
946 3189 994 3230 uos
1095 3201 1096 3236 3

141 3275 205 3313 nem
223 3257 291 3326 quid
311 3257 448 3312 Brittanni
466 3256 571 3311 caelum
589 3255 698 3310 differre
716 3260 851 3326 putamus,
914 3260 916 3266 ’
