<?xml version="1.0" encoding="UTF-8"?>
<!DOCTYPE html PUBLIC "-//W3C//DTD XHTML 1.0 Transitional//EN"
    "http://www.w3.org/TR/xhtml1/DTD/xhtml1-transitional.dtd">
<html xmlns="http://www.w3.org/1999/xhtml" xml:lang="en" lang="en">
 <head>
  <title>
</title>
<meta http-equiv="Content-Type" content="text/html;charset=utf-8" />
  <meta name='ocr-system' content='tesseract 3.04.00' />
  <meta name='ocr-capabilities' content='ocr_page ocr_carea ocr_par ocr_line ocrx_word'/>
</head>
<body>
  <div class='ocr_page' id='page_1' title='image "./tlucreticarider11carugoog_0081.png"; bbox 0 0 2252 3530; ppageno 0'>
   <div class='ocr_carea' id='block_1_1' title="bbox 113 251 1035 3209">
    <p class='ocr_par' dir='ltr' id='par_1_1' title="bbox 148 251 1014 2371">
     <span class='ocr_line' id='line_1_1' title="bbox 159 251 772 323; baseline 0.008 -17"><span class='ocrx_word' id='word_1_1' title='bbox 159 251 237 321; x_wconf 86' lang='lat' dir='ltr'><strong>eopia</strong></span> <span class='ocrx_word' id='word_1_2' title='bbox 254 253 375 320; x_wconf 87' lang='lat' dir='ltr'><strong>conquiri</strong></span> <span class='ocrx_word' id='word_1_3' title='bbox 394 253 486 322; x_wconf 88' lang='lat' dir='ltr'><strong>debet,</strong></span> <span class='ocrx_word' id='word_1_4' title='bbox 504 255 609 308; x_wconf 86' lang='lat' dir='ltr'><strong>concita</strong></span> <span class='ocrx_word' id='word_1_5' title='bbox 627 273 677 323; x_wconf 88' lang='lat' dir='ltr'><strong>per</strong></span> <span class='ocrx_word' id='word_1_6' title='bbox 694 260 772 311; x_wconf 80' lang='lat' dir='ltr'><strong>artus</strong></span> 
     </span>
     <span class='ocr_line' id='line_1_2' title="bbox 159 330 830 402; baseline 0.012 -21"><span class='ocrx_word' id='word_1_7' title='bbox 159 330 246 382; x_wconf 88' lang='lat' dir='ltr'><strong>omnis</strong></span> <span class='ocrx_word' id='word_1_8' title='bbox 264 334 296 383; x_wconf 89' lang='lat' dir='ltr'><strong>ut</strong></span> <span class='ocrx_word' id='word_1_9' title='bbox 314 330 436 384; x_wconf 87' lang='lat' dir='ltr'><strong>studium</strong></span> <span class='ocrx_word' id='word_1_10' title='bbox 455 331 554 385; x_wconf 85' lang='lat' dir='ltr'><strong>mentis</strong></span> <span class='ocrx_word' id='word_1_11' title='bbox 572 332 667 386; x_wconf 81' lang='lat' dir='ltr'>conixa</span> <span class='ocrx_word' id='word_1_12' title='bbox 685 338 830 402; x_wconf 87' lang='lat' dir='ltr'><strong>sequatu1·;</strong></span> 
     </span>
     <span class='ocr_line' id='line_1_3' title="bbox 159 405 759 463; baseline 0.01 -6"><span class='ocrx_word' id='word_1_13' title='bbox 159 408 190 458; x_wconf 93' lang='lat' dir='ltr'><strong>ut</strong></span> <span class='ocrx_word' id='word_1_14' title='bbox 208 405 301 458; x_wconf 87' lang='lat' dir='ltr'><strong>videas</strong></span> <span class='ocrx_word' id='word_1_15' title='bbox 318 406 414 458; x_wconf 90' lang='lat' dir='ltr'><strong>initum</strong></span> <span class='ocrx_word' id='word_1_16' title='bbox 433 410 522 460; x_wconf 88' lang='lat' dir='ltr'><strong>motus</strong></span> <span class='ocrx_word' id='word_1_17' title='bbox 541 425 558 460; x_wconf 88' lang='lat' dir='ltr'><strong>a</strong></span> <span class='ocrx_word' id='word_1_18' title='bbox 575 407 657 462; x_wconf 91' lang='lat' dir='ltr'><strong>corde</strong></span> <span class='ocrx_word' id='word_1_19' title='bbox 674 411 759 463; x_wconf 89' lang='lat' dir='ltr'><strong>creari</strong></span> 
     </span>
     <span class='ocr_line' id='line_1_4' title="bbox 158 481 1014 557; baseline 0.014 -25"><span class='ocrx_word' id='word_1_20' title='bbox 158 497 192 533; x_wconf 82' lang='lat' dir='ltr'><strong>ex</strong></span> <span class='ocrx_word' id='word_1_21' title='bbox 211 481 347 548; x_wconf 78' lang='lat' dir='ltr'><strong>animique</strong></span> <span class='ocrx_word' id='word_1_22' title='bbox 365 482 506 536; x_wconf 86' lang='lat' dir='ltr'><strong>voluntate</strong></span> <span class='ocrx_word' id='word_1_23' title='bbox 524 484 553 538; x_wconf 92' lang='lat' dir='ltr'><strong>id</strong></span> <span class='ocrx_word' id='word_1_24' title='bbox 571 485 721 552; x_wconf 80' lang='lat' dir='ltr'><strong>procedere</strong></span> <span class='ocrx_word' id='word_1_25' title='bbox 739 488 866 557; x_wconf 89' lang='lat' dir='ltr'><strong>primum,</strong></span> <span class='ocrx_word' id='word_1_26' title='bbox 978 504 1014 544; x_wconf 76' lang='lat' dir='ltr'><strong>cto</strong></span> 
     </span>
     <span class='ocr_line' id='line_1_5' title="bbox 157 556 841 630; baseline 0.013 -22"><span class='ocrx_word' id='word_1_27' title='bbox 157 556 223 610; x_wconf 90' lang='lat' dir='ltr'><strong>inde</strong></span> <span class='ocrx_word' id='word_1_28' title='bbox 242 557 300 609; x_wconf 88' lang='lat' dir='ltr'><strong>dari</strong></span> <span class='ocrx_word' id='word_1_29' title='bbox 318 575 399 626; x_wconf 88' lang='lat' dir='ltr'><strong>porro</strong></span> <span class='ocrx_word' id='word_1_30' title='bbox 418 575 468 626; x_wconf 92' lang='lat' dir='ltr'><strong>por</strong></span> <span class='ocrx_word' id='word_1_31' title='bbox 485 562 574 612; x_wconf 91' lang='lat' dir='ltr'><strong>totum</strong></span> <span class='ocrx_word' id='word_1_32' title='bbox 593 577 691 630; x_wconf 90' lang='lat' dir='ltr'><strong>corpus</strong></span> <span class='ocrx_word' id='word_1_33' title='bbox 709 567 739 615; x_wconf 88' lang='lat' dir='ltr'><strong>et</strong></span> <span class='ocrx_word' id='word_1_34' title='bbox 757 567 841 617; x_wconf 89' lang='lat' dir='ltr'><strong>artus.</strong></span> 
     </span>
     <span class='ocr_line' id='line_1_6' title="bbox 157 633 862 704; baseline 0.013 -20"><span class='ocrx_word' id='word_1_35' title='bbox 157 648 207 686; x_wconf 91' lang='lat' dir='ltr'><strong>nee</strong></span> <span class='ocrx_word' id='word_1_36' title='bbox 226 633 339 686; x_wconf 75' lang='lat' dir='ltr'><strong>similest</strong></span> <span class='ocrx_word' id='word_1_37' title='bbox 357 637 389 686; x_wconf 93' lang='lat' dir='ltr'><strong>ut</strong></span> <span class='ocrx_word' id='word_1_38' title='bbox 408 650 469 686; x_wconf 92' lang='lat' dir='ltr'><strong>cum</strong></span> <span class='ocrx_word' id='word_1_39' title='bbox 488 635 598 703; x_wconf 88' lang='lat' dir='ltr'><strong>impulsi</strong></span> <span class='ocrx_word' id='word_1_40' title='bbox 615 637 787 704; x_wconf 81' lang='lat' dir='ltr'><strong>procedimus</strong></span> <span class='ocrx_word' id='word_1_41' title='bbox 804 640 862 694; x_wconf 91' lang='lat' dir='ltr'><strong>ictu</strong></span> 
     </span>
     <span class='ocr_line' id='line_1_7' title="bbox 157 707 809 782; baseline 0.012 -22"><span class='ocrx_word' id='word_1_42' title='bbox 157 707 260 761; x_wconf 83' lang='lat' dir='ltr'><strong>viribus</strong></span> <span class='ocrx_word' id='word_1_43' title='bbox 278 709 391 762; x_wconf 85' lang='lat' dir='ltr'><strong>alterius</strong></span> <span class='ocrx_word' id='word_1_44' title='bbox 410 711 515 778; x_wconf 87' lang='lat' dir='ltr'><strong>magnis</strong></span> <span class='ocrx_word' id='word_1_45' title='bbox 534 728 687 782; x_wconf 85' lang='lat' dir='ltr'><strong>magnoque</strong></span> <span class='ocrx_word' id='word_1_46' title='bbox 706 718 809 769; x_wconf 84' lang='lat' dir='ltr'><strong>coactu.</strong></span> 
     </span>
     <span class='ocr_line' id='line_1_8' title="bbox 156 786 829 857; baseline 0.013 -22"><span class='ocrx_word' id='word_1_47' title='bbox 156 799 219 836; x_wconf 89' lang='lat' dir='ltr'><strong>nam</strong></span> <span class='ocrx_word' id='word_1_48' title='bbox 238 787 297 837; x_wconf 86' lang='lat' dir='ltr'><strong>tum</strong></span> <span class='ocrx_word' id='word_1_49' title='bbox 316 786 459 838; x_wconf 79' lang='lat' dir='ltr'><strong>materiem</strong></span> <span class='ocrx_word' id='word_1_50' title='bbox 478 787 563 840; x_wconf 86' lang='lat' dir='ltr'><strong>tetius</strong></span> <span class='ocrx_word' id='word_1_51' title='bbox 583 790 704 857; x_wconf 87' lang='lat' dir='ltr'><strong>corporis</strong></span> <span class='ocrx_word' id='word_1_52' title='bbox 722 807 829 844; x_wconf 91' lang='lat' dir='ltr'><strong>emnem</strong></span> 
     </span>
     <span class='ocr_line' id='line_1_9' title="bbox 156 860 1010 934; baseline 0.009 -21"><span class='ocrx_word' id='word_1_53' title='bbox 156 860 357 928; x_wconf 74' lang='lat' dir='ltr'><strong>perspicuumst</strong></span> <span class='ocrx_word' id='word_1_54' title='bbox 375 862 452 915; x_wconf 85' lang='lat' dir='ltr'><strong>nobis</strong></span> <span class='ocrx_word' id='word_1_55' title='bbox 471 863 562 916; x_wconf 89' lang='lat' dir='ltr'><strong>invitis</strong></span> <span class='ocrx_word' id='word_1_56' title='bbox 581 864 621 918; x_wconf 91' lang='lat' dir='ltr'><strong>ire</strong></span> <span class='ocrx_word' id='word_1_57' title='bbox 640 866 760 934; x_wconf 83' lang='lat' dir='ltr'><strong>rapique,</strong></span> <span class='ocrx_word' id='word_1_58' title='bbox 972 867 1010 922; x_wconf 75' lang='lat'><strong>&#39;275</strong></span> 
     </span>
     <span class='ocr_line' id='line_1_10' title="bbox 157 936 849 1015; baseline 0.009 -26"><span class='ocrx_word' id='word_1_59' title='bbox 157 936 243 990; x_wconf 89' lang='lat' dir='ltr'><strong>donee</strong></span> <span class='ocrx_word' id='word_1_60' title='bbox 262 954 322 991; x_wconf 89' lang='lat' dir='ltr'><strong>eam</strong></span> <span class='ocrx_word' id='word_1_61' title='bbox 341 939 491 991; x_wconf 82' lang='lat' dir='ltr'><strong>refrenavit</strong></span> <span class='ocrx_word' id='word_1_62' title='bbox 509 957 559 1008; x_wconf 88' lang='lat' dir='ltr'><strong>per</strong></span> <span class='ocrx_word' id='word_1_63' title='bbox 577 941 699 994; x_wconf 88' lang='lat' dir='ltr'><strong>membra</strong></span> <span class='ocrx_word' id='word_1_64' title='bbox 717 943 849 1015; x_wconf 80' lang='lat' dir='ltr'><strong>voluntas.</strong></span> 
     </span>
     <span class='ocr_line' id='line_1_11' title="bbox 155 1011 924 1082; baseline 0.009 -17"><span class='ocrx_word' id='word_1_65' title='bbox 155 1011 245 1066; x_wconf 90' lang='lat' dir='ltr'><strong>iamne</strong></span> <span class='ocrx_word' id='word_1_66' title='bbox 263 1013 340 1066; x_wconf 84' lang='lat' dir='ltr'><strong>vides</strong></span> <span class='ocrx_word' id='word_1_67' title='bbox 357 1015 449 1082; x_wconf 84' lang='lat' dir='ltr'><strong>igitur,</strong></span> <span class='ocrx_word' id='word_1_68' title='bbox 468 1031 632 1082; x_wconf 88' lang='lat' dir='ltr'><strong>quamquam</strong></span> <span class='ocrx_word' id='word_1_69' title='bbox 651 1017 691 1070; x_wconf 83' lang='lat' dir='ltr'><strong>vis</strong></span> <span class='ocrx_word' id='word_1_70' title='bbox 710 1020 806 1071; x_wconf 82' lang='lat' dir='ltr'><strong>extera</strong></span> <span class='ocrx_word' id='word_1_71' title='bbox 823 1018 924 1072; x_wconf 86' lang='lat' dir='ltr'><strong>multos</strong></span> 
     </span>
     <span class='ocr_line' id='line_1_12' title="bbox 155 1088 771 1162; baseline 0.01 -21"><span class='ocrx_word' id='word_1_72' title='bbox 155 1088 240 1157; x_wconf 88' lang='lat' dir='ltr'><strong>pellat</strong></span> <span class='ocrx_word' id='word_1_73' title='bbox 259 1091 287 1142; x_wconf 88' lang='lat' dir='ltr'><strong>et</strong></span> <span class='ocrx_word' id='word_1_74' title='bbox 305 1089 405 1142; x_wconf 86' lang='lat' dir='ltr'><strong>invitos</strong></span> <span class='ocrx_word' id='word_1_75' title='bbox 424 1094 504 1156; x_wconf 87' lang='lat' dir='ltr'><strong>cogat</strong></span> <span class='ocrx_word' id='word_1_76' title='bbox 521 1091 671 1159; x_wconf 90' lang='lat' dir='ltr'><strong>procedere</strong></span> <span class='ocrx_word' id='word_1_77' title='bbox 690 1110 771 1162; x_wconf 84' lang='lat' dir='ltr'><strong>saepe</strong></span> 
     </span>
     <span class='ocr_line' id='line_1_13' title="bbox 155 1163 938 1238; baseline 0.005 -21"><span class='ocrx_word' id='word_1_78' title='bbox 155 1163 376 1233; x_wconf 79' lang='lat' dir='ltr'><strong>praecipitesque</strong></span> <span class='ocrx_word' id='word_1_79' title='bbox 394 1167 462 1235; x_wconf 89' lang='lat' dir='ltr'><strong>rapi,</strong></span> <span class='ocrx_word' id='word_1_80' title='bbox 481 1169 573 1220; x_wconf 84' lang='lat' dir='ltr'><strong>tamen</strong></span> <span class='ocrx_word' id='word_1_81' title='bbox 592 1183 651 1220; x_wconf 88' lang='lat' dir='ltr'><strong>esso</strong></span> <span class='ocrx_word' id='word_1_82' title='bbox 669 1169 696 1220; x_wconf 92' lang='lat' dir='ltr'><strong>in</strong></span> <span class='ocrx_word' id='word_1_83' title='bbox 714 1173 826 1238; x_wconf 89' lang='lat' dir='ltr'><strong>pectore</strong></span> <span class='ocrx_word' id='word_1_84' title='bbox 844 1177 938 1223; x_wconf 74' lang='lat' dir='ltr'><strong>nostro</strong></span> 
     </span>
     <span class='ocr_line' id='line_1_14' title="bbox 152 1239 1009 1314; baseline 0.008 -22"><span class='ocrx_word' id='word_1_85' title='bbox 152 1239 284 1307; x_wconf 88' lang='lat' dir='ltr'><strong>quiddam</strong></span> <span class='ocrx_word' id='word_1_86' title='bbox 302 1240 375 1308; x_wconf 90' lang='lat' dir='ltr'><strong>quod</strong></span> <span class='ocrx_word' id='word_1_87' title='bbox 394 1245 489 1294; x_wconf 92' lang='lat' dir='ltr'><strong>contra</strong></span> <span class='ocrx_word' id='word_1_88' title='bbox 506 1259 628 1310; x_wconf 87' lang='lat' dir='ltr'><strong>pugnare</strong></span> <span class='ocrx_word' id='word_1_89' title='bbox 647 1242 811 1312; x_wconf 87' lang='lat' dir='ltr'><strong>obstareque</strong></span> <span class='ocrx_word' id='word_1_90' title='bbox 829 1246 934 1314; x_wconf 83' lang='lat' dir='ltr'><strong>possiti</strong></span> <span class='ocrx_word' id='word_1_91' title='bbox 972 1261 1009 1299; x_wconf 79' lang='lat' dir='ltr'><strong>aee</strong></span> 
     </span>
     <span class='ocr_line' id='line_1_15' title="bbox 156 1315 814 1389; baseline 0.009 -23"><span class='ocrx_word' id='word_1_92' title='bbox 156 1315 231 1367; x_wconf 90' lang='lat' dir='ltr'><strong>cuius</strong></span> <span class='ocrx_word' id='word_1_93' title='bbox 249 1316 286 1368; x_wconf 91' lang='lat' dir='ltr'><strong>ad</strong></span> <span class='ocrx_word' id='word_1_94' title='bbox 303 1316 446 1368; x_wconf 90' lang='lat' dir='ltr'><strong>arbitrium</strong></span> <span class='ocrx_word' id='word_1_95' title='bbox 466 1334 574 1384; x_wconf 91' lang='lat' dir='ltr'><strong>quoque</strong></span> <span class='ocrx_word' id='word_1_96' title='bbox 592 1318 671 1389; x_wconf 89' lang='lat' dir='ltr'><strong>copia</strong></span> <span class='ocrx_word' id='word_1_97' title='bbox 689 1320 814 1372; x_wconf 90' lang='lat' dir='ltr'><strong>materiai</strong></span> 
     </span>
     <span class='ocr_line' id='line_1_16' title="bbox 156 1390 883 1463; baseline 0.008 -20"><span class='ocrx_word' id='word_1_98' title='bbox 156 1390 262 1457; x_wconf 88' lang='lat' dir='ltr'><strong>cogitur</strong></span> <span class='ocrx_word' id='word_1_99' title='bbox 280 1391 419 1443; x_wconf 88' lang='lat' dir='ltr'><strong>interdum</strong></span> <span class='ocrx_word' id='word_1_100' title='bbox 438 1392 511 1445; x_wconf 88' lang='lat' dir='ltr'><strong>flecti</strong></span> <span class='ocrx_word' id='word_1_101' title='bbox 529 1409 579 1462; x_wconf 91' lang='lat' dir='ltr'><strong>per</strong></span> <span class='ocrx_word' id='word_1_102' title='bbox 597 1393 720 1446; x_wconf 90' lang='lat' dir='ltr'><strong>membra</strong></span> <span class='ocrx_word' id='word_1_103' title='bbox 738 1411 788 1463; x_wconf 89' lang='lat' dir='ltr'><strong>per</strong></span> <span class='ocrx_word' id='word_1_104' title='bbox 807 1398 883 1449; x_wconf 86' lang='lat' dir='ltr'><strong>artus</strong></span> 
     </span>
     <span class='ocr_line' id='line_1_17' title="bbox 155 1467 767 1535; baseline 0.006 -16"><span class='ocrx_word' id='word_1_105' title='bbox 155 1468 184 1519; x_wconf 87' lang='lat' dir='ltr'><strong>et</strong></span> <span class='ocrx_word' id='word_1_106' title='bbox 202 1467 325 1535; x_wconf 83' lang='lat' dir='ltr'><strong>proiecta</strong></span> <span class='ocrx_word' id='word_1_107' title='bbox 343 1467 498 1522; x_wconf 85' lang='lat' dir='ltr'><strong>refrenatur</strong></span> <span class='ocrx_word' id='word_1_108' title='bbox 516 1471 646 1535; x_wconf 88' lang='lat' dir='ltr'><strong>retroque</strong></span> <span class='ocrx_word' id='word_1_109' title='bbox 665 1469 767 1524; x_wconf 87' lang='lat' dir='ltr'><strong>residit.</strong></span> 
     </span>
     <span class='ocr_line' id='line_1_18' title="bbox 153 1542 952 1617; baseline 0.011 -23"><span class='ocrx_word' id='word_1_110' title='bbox 153 1558 236 1610; x_wconf 89' lang='lat' dir='ltr'><strong>quare</strong></span> <span class='ocrx_word' id='word_1_111' title='bbox 254 1543 282 1594; x_wconf 92' lang='lat' dir='ltr'><strong>in</strong></span> <span class='ocrx_word' id='word_1_112' title='bbox 302 1542 448 1596; x_wconf 89' lang='lat' dir='ltr'><strong>seminibus</strong></span> <span class='ocrx_word' id='word_1_113' title='bbox 466 1560 573 1613; x_wconf 89' lang='lat' dir='ltr'><strong>quoque</strong></span> <span class='ocrx_word' id='word_1_114' title='bbox 592 1544 788 1604; x_wconf 68' lang='lat' dir='ltr'><strong>idem&#39;lateare</strong></span> <span class='ocrx_word' id='word_1_115' title='bbox 806 1553 952 1617; x_wconf 84' lang='lat' dir='ltr'><strong>necessest,</strong></span> 
     </span>
     <span class='ocr_line' id='line_1_19' title="bbox 153 1618 1007 1690; baseline 0.012 -20"><span class='ocrx_word' id='word_1_116' title='bbox 153 1634 212 1670; x_wconf 85' lang='lat' dir='ltr'><strong>esse</strong></span> <span class='ocrx_word' id='word_1_117' title='bbox 231 1618 311 1671; x_wconf 87' lang='lat' dir='ltr'><strong>aliam</strong></span> <span class='ocrx_word' id='word_1_118' title='bbox 330 1623 440 1689; x_wconf 88' lang='lat' dir='ltr'><strong>practer</strong></span> <span class='ocrx_word' id='word_1_119' title='bbox 458 1621 553 1688; x_wconf 84' lang='lat' dir='ltr'><strong>plagas</strong></span> <span class='ocrx_word' id='word_1_120' title='bbox 572 1624 601 1674; x_wconf 90' lang='lat' dir='ltr'><strong>et</strong></span> <span class='ocrx_word' id='word_1_121' title='bbox 620 1622 742 1690; x_wconf 87' lang='lat' dir='ltr'><strong>pondera</strong></span> <span class='ocrx_word' id='word_1_122' title='bbox 761 1639 869 1676; x_wconf 88' lang='lat' dir='ltr'><strong>causam</strong></span> <span class='ocrx_word' id='word_1_123' title='bbox 971 1641 1007 1680; x_wconf 78' lang='lat' dir='ltr'><strong>aee</strong></span> 
     </span>
     <span class='ocr_line' id='line_1_20' title="bbox 152 1694 870 1768; baseline 0.01 -22"><span class='ocrx_word' id='word_1_124' title='bbox 152 1694 276 1761; x_wconf 88' lang='lat' dir='ltr'><strong>motibus,</strong></span> <span class='ocrx_word' id='word_1_125' title='bbox 295 1695 368 1748; x_wconf 89' lang='lat' dir='ltr'><strong>unde</strong></span> <span class='ocrx_word' id='word_1_126' title='bbox 387 1694 453 1748; x_wconf 85' lang='lat' dir='ltr'><strong>haec</strong></span> <span class='ocrx_word' id='word_1_127' title='bbox 472 1699 516 1749; x_wconf 90' lang='lat' dir='ltr'><strong>est</strong></span> <span class='ocrx_word' id='word_1_128' title='bbox 534 1696 612 1752; x_wconf 89' lang='lat' dir='ltr'><strong>nobis</strong></span> <span class='ocrx_word' id='word_1_129' title='bbox 629 1697 722 1752; x_wconf 86' lang='lat' dir='ltr'><strong>innata</strong></span> <span class='ocrx_word' id='word_1_130' title='bbox 740 1702 870 1768; x_wconf 85' lang='lat' dir='ltr'><strong>potestas,</strong></span> 
     </span>
     <span class='ocr_line' id='line_1_21' title="bbox 153 1768 785 1842; baseline 0.013 -21"><span class='ocrx_word' id='word_1_131' title='bbox 153 1768 187 1822; x_wconf 91' lang='lat' dir='ltr'><strong>de</strong></span> <span class='ocrx_word' id='word_1_132' title='bbox 206 1770 259 1822; x_wconf 92' lang='lat' dir='ltr'><strong>nilo</strong></span> <span class='ocrx_word' id='word_1_133' title='bbox 278 1771 403 1838; x_wconf 89' lang='lat' dir='ltr'><strong>quoniam</strong></span> <span class='ocrx_word' id='word_1_134' title='bbox 422 1772 481 1824; x_wconf 91' lang='lat' dir='ltr'><strong>fi&#39;eri</strong></span> <span class='ocrx_word' id='word_1_135' title='bbox 501 1773 537 1824; x_wconf 90' lang='lat' dir='ltr'><strong>nil</strong></span> <span class='ocrx_word' id='word_1_136' title='bbox 556 1791 636 1842; x_wconf 88' lang='lat' dir='ltr'><strong>posse</strong></span> <span class='ocrx_word' id='word_1_137' title='bbox 654 1775 785 1829; x_wconf 84' lang='lat' dir='ltr'><strong>videmus.</strong></span> 
     </span>
     <span class='ocr_line' id='line_1_22' title="bbox 152 1845 848 1918; baseline 0.011 -21"><span class='ocrx_word' id='word_1_138' title='bbox 152 1845 257 1912; x_wconf 83' lang='lat' dir='ltr'><strong>pondus</strong></span> <span class='ocrx_word' id='word_1_139' title='bbox 276 1847 347 1899; x_wconf 84' lang='lat' dir='ltr'><strong>eninr</strong></span> <span class='ocrx_word' id='word_1_140' title='bbox 366 1847 547 1917; x_wconf 84' lang='lat' dir='ltr'><strong>prohibetae</strong></span> <span class='ocrx_word' id='word_1_141' title='bbox 566 1849 654 1918; x_wconf 85' lang='lat' dir='ltr'><strong>plagis</strong></span> <span class='ocrx_word' id='word_1_142' title='bbox 672 1851 762 1904; x_wconf 88' lang='lat' dir='ltr'><strong>omnia</strong></span> <span class='ocrx_word' id='word_1_143' title='bbox 780 1851 848 1905; x_wconf 88' lang='lat' dir='ltr'><strong>fiant</strong></span> 
     </span>
     <span class='ocr_line' id='line_1_23' title="bbox 151 1923 864 1996; baseline 0.01 -22"><span class='ocrx_word' id='word_1_144' title='bbox 151 1925 264 1975; x_wconf 84' lang='lat' dir='ltr'><strong>externa</strong></span> <span class='ocrx_word' id='word_1_145' title='bbox 282 1923 358 1991; x_wconf 90' lang='lat' dir='ltr'><strong>quasi</strong></span> <span class='ocrx_word' id='word_1_146' title='bbox 375 1924 408 1977; x_wconf 81' lang='lat' dir='ltr'><strong>ri.</strong></span> <span class='ocrx_word' id='word_1_147' title='bbox 427 1925 476 1977; x_wconf 89' lang='lat' dir='ltr'><strong>sed</strong></span> <span class='ocrx_word' id='word_1_148' title='bbox 495 1942 529 1978; x_wconf 89' lang='lat' dir='ltr'><strong>ne</strong></span> <span class='ocrx_word' id='word_1_149' title='bbox 547 1943 623 1978; x_wconf 87' lang='lat' dir='ltr'><strong>mens</strong></span> <span class='ocrx_word' id='word_1_150' title='bbox 641 1927 701 1996; x_wconf 89' lang='lat' dir='ltr'><strong>ipsa</strong></span> <span class='ocrx_word' id='word_1_151' title='bbox 722 1944 864 1990; x_wconf 88' lang='lat' dir='ltr'><strong>necessum</strong></span> 
     </span>
     <span class='ocr_line' id='line_1_24' title="bbox 150 1995 1005 2071; baseline 0.012 -23"><span class='ocrx_word' id='word_1_152' title='bbox 150 1995 309 2052; x_wconf 88' lang='lat' dir='ltr'><strong>intestinum</strong></span> <span class='ocrx_word' id='word_1_153' title='bbox 327 1999 428 2052; x_wconf 89' lang='lat' dir='ltr'><strong>habeat</strong></span> <span class='ocrx_word' id='word_1_154' title='bbox 447 2002 552 2055; x_wconf 79' lang='lat' dir='ltr'><strong>ermetis</strong></span> <span class='ocrx_word' id='word_1_155' title='bbox 570 2002 597 2054; x_wconf 90' lang='lat' dir='ltr'><strong>in</strong></span> <span class='ocrx_word' id='word_1_156' title='bbox 617 2003 698 2056; x_wconf 85' lang='lat' dir='ltr'><strong>rebus</strong></span> <span class='ocrx_word' id='word_1_157' title='bbox 717 2004 829 2071; x_wconf 81' lang='lat' dir='ltr'><strong>agendis</strong></span> <span class='ocrx_word' id='word_1_158' title='bbox 970 2021 1005 2058; x_wconf 81' lang='lat' dir='ltr'><strong>aee</strong></span> 
     </span>
     <span class='ocr_line' id='line_1_25' title="bbox 151 2073 830 2148; baseline 0.01 -23"><span class='ocrx_word' id='word_1_159' title='bbox 151 2075 180 2125; x_wconf 93' lang='lat' dir='ltr'><strong>et</strong></span> <span class='ocrx_word' id='word_1_160' title='bbox 198 2073 304 2127; x_wconf 87' lang='lat' dir='ltr'><strong>devicta</strong></span> <span class='ocrx_word' id='word_1_161' title='bbox 323 2076 400 2142; x_wconf 89' lang='lat' dir='ltr'><strong>quasi</strong></span> <span class='ocrx_word' id='word_1_162' title='bbox 418 2077 468 2129; x_wconf 77' lang='lat' dir='ltr'><strong>laec</strong></span> <span class='ocrx_word' id='word_1_163' title='bbox 487 2081 599 2144; x_wconf 83' lang='lat' dir='ltr'><strong>cogatur</strong></span> <span class='ocrx_word' id='word_1_164' title='bbox 610 2077 691 2132; x_wconf 82' lang='lat' dir='ltr'><strong>&#39;ferre</strong></span> <span class='ocrx_word' id='word_1_165' title='bbox 709 2080 830 2148; x_wconf 87' lang='lat' dir='ltr'><strong>patique,</strong></span> 
     </span>
     <span class='ocr_line' id='line_1_26' title="bbox 148 2148 772 2224; baseline 0.006 -22"><span class='ocrx_word' id='word_1_166' title='bbox 148 2148 179 2202; x_wconf 92' lang='lat' dir='ltr'><strong>id</strong></span> <span class='ocrx_word' id='word_1_167' title='bbox 196 2149 265 2204; x_wconf 85' lang='lat' dir='ltr'><strong>facit&#39;</strong></span> <span class='ocrx_word' id='word_1_168' title='bbox 281 2152 408 2218; x_wconf 81' lang='lat' dir='ltr'><strong>exiguum</strong></span> <span class='ocrx_word' id='word_1_169' title='bbox 428 2153 559 2206; x_wconf 88' lang='lat' dir='ltr'><strong>clinamen</strong></span> <span class='ocrx_word' id='word_1_170' title='bbox 578 2155 772 2224; x_wconf 89' lang='lat' dir='ltr'><strong>principiorum</strong></span> 
     </span>
     <span class='ocr_line' id='line_1_27' title="bbox 151 2227 829 2358; baseline 0.009 -80"><span class='ocrx_word' id='word_1_171' title='bbox 151 2242 200 2279; x_wconf 89' lang='lat' dir='ltr'><strong>nee</strong></span> <span class='ocrx_word' id='word_1_172' title='bbox 218 2227 327 2294; x_wconf 85' lang='lat' dir='ltr'><strong>regione</strong></span> <span class='ocrx_word' id='word_1_173' title='bbox 345 2227 397 2280; x_wconf 92' lang='lat' dir='ltr'><strong>loci</strong></span> <span class='ocrx_word' id='word_1_174' title='bbox 416 2232 492 2282; x_wconf 85' lang='lat' dir='ltr'><strong>certa</strong></span> <span class='ocrx_word' id='word_1_175' title='bbox 510 2245 560 2281; x_wconf 91' lang='lat' dir='ltr'><strong>nec</strong></span> <span class='ocrx_word' id='word_1_176' title='bbox 579 2233 704 2298; x_wconf 89' lang='lat' dir='ltr'><strong>temporo</strong></span> <span class='ocrx_word' id='word_1_177' title='bbox 723 2231 829 2358; x_wconf 48' lang='lat' dir='ltr'><strong>(marte.)</strong></span> 
     </span>
     <span class='ocr_line' id='line_1_28' title="bbox 185 2303 830 2371; baseline 0.006 -17"><span class='ocrx_word' id='word_1_178' title='bbox 185 2303 242 2356; x_wconf 86' lang='lat' dir='ltr'><strong>Nec</strong></span> <span class='ocrx_word' id='word_1_179' title='bbox 262 2303 363 2370; x_wconf 80' lang='lat' dir='ltr'><strong>stipata</strong></span> <span class='ocrx_word' id='word_1_180' title='bbox 380 2305 466 2370; x_wconf 81' lang='lat' dir='ltr'><strong>magis</strong></span> <span class='ocrx_word' id='word_1_181' title='bbox 485 2305 538 2356; x_wconf 85' lang='lat' dir='ltr'><strong>fuit</strong></span> <span class='ocrx_word' id='word_1_182' title='bbox 556 2321 684 2371; x_wconf 89' lang='lat' dir='ltr'><strong>umquam</strong></span> <span class='ocrx_word' id='word_1_183' title='bbox 704 2323 729 2357; x_wconf 87' lang='lat' dir='ltr'><strong>m</strong></span> <span class='ocrx_word' id='word_1_184' title='bbox 762 2307 830 2358; x_wconf 85' lang='lat' dir='ltr'><strong>errai</strong></span> 
     </span>
    </p>

    <p class='ocr_par' dir='ltr' id='par_1_2' title="bbox 113 2377 1035 3209">
     <span class='ocr_line' id='line_1_29' title="bbox 113 2377 1002 2448; baseline 0.001 -16"><span class='ocrx_word' id='word_1_185' title='bbox 113 2416 115 2420; x_wconf 91' lang='lat'>-</span> <span class='ocrx_word' id='word_1_186' title='bbox 150 2380 226 2448; x_wconf 88' lang='lat' dir='ltr'><strong>eopia</strong></span> <span class='ocrx_word' id='word_1_187' title='bbox 244 2377 393 2446; x_wconf 69' lang='lat' dir='ltr'><strong>nceporro</strong></span> <span class='ocrx_word' id='word_1_188' title='bbox 412 2379 560 2432; x_wconf 85' lang='lat' dir='ltr'><strong>maioribus</strong></span> <span class='ocrx_word' id='word_1_189' title='bbox 578 2379 735 2432; x_wconf 85' lang='lat' dir='ltr'><strong>intervallis.</strong></span> <span class='ocrx_word' id='word_1_190' title='bbox 966 2401 1002 2440; x_wconf 71' lang='lat' dir='ltr'><strong>aaa</strong></span> 
     </span>
     <span class='ocr_line' id='line_1_30' title="bbox 149 2454 1035 2525; baseline 0.008 -18"><span class='ocrx_word' id='word_1_191' title='bbox 149 2471 212 2507; x_wconf 89' lang='lat' dir='ltr'><strong>nam</strong></span> <span class='ocrx_word' id='word_1_192' title='bbox 230 2471 319 2521; x_wconf 90' lang='lat' dir='ltr'><strong>neque</strong></span> <span class='ocrx_word' id='word_1_193' title='bbox 337 2454 496 2520; x_wconf 79' lang='lat' dir='ltr'><strong>adaugescit</strong></span> <span class='ocrx_word' id='word_1_194' title='bbox 514 2455 658 2524; x_wconf 91' lang='lat' dir='ltr'><strong>quicquam</strong></span> <span class='ocrx_word' id='word_1_195' title='bbox 676 2473 765 2524; x_wconf 89' lang='lat' dir='ltr'><strong>neque</strong></span> <span class='ocrx_word' id='word_1_196' title='bbox 784 2457 893 2525; x_wconf 90' lang='lat' dir='ltr'><strong>deperit</strong></span> <span class='ocrx_word' id='word_1_197' title='bbox 911 2459 982 2513; x_wconf 86' lang='lat' dir='ltr'><strong>inde.</strong></span> <span class='ocrx_word' id='word_1_198' title='bbox 1028 2497 1035 2506; x_wconf 84' lang='lat'>-</span> 
     </span>
     <span class='ocr_line' id='line_1_31' title="bbox 148 2531 829 2601; baseline 0.004 -19"><span class='ocrx_word' id='word_1_199' title='bbox 148 2535 315 2600; x_wconf 88' lang='lat' dir='ltr'><strong>quapropter</strong></span> <span class='ocrx_word' id='word_1_200' title='bbox 333 2547 387 2596; x_wconf 92' lang='lat' dir='ltr'><strong>quo</strong></span> <span class='ocrx_word' id='word_1_201' title='bbox 405 2547 475 2584; x_wconf 89' lang='lat' dir='ltr'><strong>nune</strong></span> <span class='ocrx_word' id='word_1_202' title='bbox 493 2531 522 2583; x_wconf 89' lang='lat' dir='ltr'><strong>in</strong></span> <span class='ocrx_word' id='word_1_203' title='bbox 540 2535 617 2584; x_wconf 89' lang='lat' dir='ltr'><strong>motu</strong></span> <span class='ocrx_word' id='word_1_204' title='bbox 635 2531 829 2601; x_wconf 88' lang='lat' dir='ltr'><strong>principiorum</strong></span> 
     </span>
     <span class='ocr_line' id='line_1_32' title="bbox 150 2605 882 2675; baseline 0.003 -15"><span class='ocrx_word' id='word_1_205' title='bbox 150 2623 263 2675; x_wconf 83' lang='lat' dir='ltr'><strong>corpora</strong></span> <span class='ocrx_word' id='word_1_206' title='bbox 282 2609 351 2672; x_wconf 85' lang='lat' dir='ltr'><strong>sunt,</strong></span> <span class='ocrx_word' id='word_1_207' title='bbox 370 2605 398 2658; x_wconf 91' lang='lat' dir='ltr'><strong>in</strong></span> <span class='ocrx_word' id='word_1_208' title='bbox 418 2605 513 2659; x_wconf 91' lang='lat' dir='ltr'><strong>eedem</strong></span> <span class='ocrx_word' id='word_1_209' title='bbox 533 2611 596 2660; x_wconf 90' lang='lat' dir='ltr'><strong>ante</strong></span> <span class='ocrx_word' id='word_1_210' title='bbox 615 2611 677 2660; x_wconf 84' lang='lat' dir='ltr'><strong>aeta</strong></span> <span class='ocrx_word' id='word_1_211' title='bbox 696 2611 787 2661; x_wconf 88' lang='lat' dir='ltr'><strong>aetate</strong></span> <span class='ocrx_word' id='word_1_212' title='bbox 805 2608 882 2662; x_wconf 88' lang='lat' dir='ltr'><strong>fuere</strong></span> 
     </span>
     <span class='ocr_line' id='line_1_33' title="bbox 150 2682 842 2752; baseline 0.001 -17"><span class='ocrx_word' id='word_1_213' title='bbox 150 2686 259 2752; x_wconf 90' lang='lat' dir='ltr'><strong>etpost</strong></span> <span class='ocrx_word' id='word_1_214' title='bbox 278 2682 344 2736; x_wconf 89' lang='lat' dir='ltr'><strong>hacc</strong></span> <span class='ocrx_word' id='word_1_215' title='bbox 364 2700 472 2752; x_wconf 90' lang='lat' dir='ltr'><strong>semper</strong></span> <span class='ocrx_word' id='word_1_216' title='bbox 490 2684 569 2736; x_wconf 85' lang='lat' dir='ltr'><strong>simili</strong></span> <span class='ocrx_word' id='word_1_217' title='bbox 589 2685 693 2738; x_wconf 88' lang='lat' dir='ltr'><strong>ratione</strong></span> <span class='ocrx_word' id='word_1_218' title='bbox 711 2684 842 2751; x_wconf 87' lang='lat' dir='ltr'><strong>ferentur,</strong></span> 
     </span>
     <span class='ocr_line' id='line_1_34' title="bbox 149 2759 1002 2827; baseline 0.005 -15"><span class='ocrx_word' id='word_1_219' title='bbox 149 2761 178 2812; x_wconf 88' lang='lat' dir='ltr'><strong>et</strong></span> <span class='ocrx_word' id='word_1_220' title='bbox 196 2775 265 2827; x_wconf 88' lang='lat' dir='ltr'><strong>quae</strong></span> <span class='ocrx_word' id='word_1_221' title='bbox 284 2759 440 2812; x_wconf 84' lang='lat' dir='ltr'><strong>censuerint</strong></span> <span class='ocrx_word' id='word_1_222' title='bbox 457 2759 532 2827; x_wconf 82' lang='lat' dir='ltr'><strong>gigni</strong></span> <span class='ocrx_word' id='word_1_223' title='bbox 550 2761 697 2827; x_wconf 80' lang='lat' dir='ltr'><strong>gignentur</strong></span> <span class='ocrx_word' id='word_1_224' title='bbox 716 2759 811 2814; x_wconf 90' lang='lat' dir='ltr'><strong>eadem</strong></span> <span class='ocrx_word' id='word_1_225' title='bbox 966 2778 1002 2816; x_wconf 82' lang='lat' dir='ltr'><strong>coo</strong></span> 
     </span>
     <span class='ocr_line' id='line_1_35' title="bbox 150 2834 986 2913; baseline 0.001 -25"><span class='ocrx_word' id='word_1_226' title='bbox 150 2835 309 2889; x_wconf 89' lang='lat' dir='ltr'><strong>condicione</strong></span> <span class='ocrx_word' id='word_1_227' title='bbox 328 2839 356 2888; x_wconf 91' lang='lat' dir='ltr'><strong>et</strong></span> <span class='ocrx_word' id='word_1_228' title='bbox 374 2838 503 2888; x_wconf 81' lang='lat' dir='ltr'><strong>eruntet</strong></span> <span class='ocrx_word' id='word_1_229' title='bbox 520 2839 643 2889; x_wconf 86' lang='lat' dir='ltr'><strong>crescent</strong></span> <span class='ocrx_word' id='word_1_230' title='bbox 661 2839 741 2905; x_wconf 75' lang='lat' dir='ltr'><strong>rique</strong></span> <span class='ocrx_word' id='word_1_231' title='bbox 760 2834 896 2903; x_wconf 87' lang='lat' dir='ltr'><strong>valebunt,</strong></span> <span class='ocrx_word' id='word_1_232' title='bbox 939 2867 949 2913; x_wconf 30' lang='lat'><strong>¹·</strong></span> <span class='ocrx_word' id='word_1_233' title='bbox 981 2841 986 2850; x_wconf 89' lang='lat'>&#39;</span> 
     </span>
     <span class='ocr_line' id='line_1_36' title="bbox 149 2910 988 3040; baseline 0 -76"><span class='ocrx_word' id='word_1_234' title='bbox 149 2914 280 2980; x_wconf 89' lang='lat' dir='ltr'><strong>quantum</strong></span> <span class='ocrx_word' id='word_1_235' title='bbox 299 2912 397 2980; x_wconf 90' lang='lat' dir='ltr'><strong>cuique</strong></span> <span class='ocrx_word' id='word_1_236' title='bbox 416 2910 511 2964; x_wconf 88' lang='lat' dir='ltr'><strong>datum</strong></span> <span class='ocrx_word' id='word_1_237' title='bbox 530 2916 572 2964; x_wconf 88' lang='lat' dir='ltr'><strong>est</strong></span> <span class='ocrx_word' id='word_1_238' title='bbox 589 2929 639 2981; x_wconf 92' lang='lat' dir='ltr'><strong>per</strong></span> <span class='ocrx_word' id='word_1_239' title='bbox 657 2911 772 3040; x_wconf 45' lang='grc' dir='ltr'>Ψ</span> <span class='ocrx_word' id='word_1_240' title='bbox 788 2913 902 2966; x_wconf 88' lang='lat' dir='ltr'><strong>naturai.</strong></span> <span class='ocrx_word' id='word_1_241' title='bbox 916 2917 937 2944; x_wconf 44' lang='grc' dir='ltr'><strong><em>ἐ</em></strong></span> <span class='ocrx_word' id='word_1_242' title='bbox 984 2935 988 2938; x_wconf 95' lang='grc'><em>·</em></span> 
     </span>
     <span class='ocr_line' id='line_1_37' title="bbox 148 2990 896 3059; baseline 0.001 -19"><span class='ocrx_word' id='word_1_243' title='bbox 148 3004 198 3041; x_wconf 89' lang='lat' dir='ltr'><strong>nee</strong></span> <span class='ocrx_word' id='word_1_244' title='bbox 216 3004 309 3040; x_wconf 91' lang='lat' dir='ltr'><strong>rerum</strong></span> <span class='ocrx_word' id='word_1_245' title='bbox 328 3003 461 3039; x_wconf 86' lang='lat' dir='ltr'><strong>summam</strong></span> <span class='ocrx_word' id='word_1_246' title='bbox 480 2991 647 3041; x_wconf 88' lang='lat' dir='ltr'><strong>commutare</strong></span> <span class='ocrx_word' id='word_1_247' title='bbox 705 3005 721 3040; x_wconf 89' lang='lat' dir='ltr'><strong>a</strong></span> <span class='ocrx_word' id='word_1_248' title='bbox 739 2992 832 3059; x_wconf 88' lang='lat' dir='ltr'><strong>potest</strong></span> <span class='ocrx_word' id='word_1_249' title='bbox 849 2990 896 3041; x_wconf 75' lang='lat' dir='ltr'><strong>vis,</strong></span> 
     </span>
     <span class='ocr_line' id='line_1_38' title="bbox 147 3063 854 3132; baseline 0.006 -18"><span class='ocrx_word' id='word_1_250' title='bbox 147 3079 211 3116; x_wconf 88' lang='lat' dir='ltr'><strong>nam</strong></span> <span class='ocrx_word' id='word_1_251' title='bbox 228 3080 324 3132; x_wconf 80' lang='lat' dir='ltr'><strong>neque,</strong></span> <span class='ocrx_word' id='word_1_252' title='bbox 343 3079 397 3131; x_wconf 92' lang='lat' dir='ltr'><strong>quo</strong></span> <span class='ocrx_word' id='word_1_253' title='bbox 414 3063 502 3132; x_wconf 84' lang='lat' dir='ltr'><strong>possit</strong></span> <span class='ocrx_word' id='word_1_254' title='bbox 519 3079 604 3130; x_wconf 86' lang='lat' dir='ltr'><strong>genus</strong></span> <span class='ocrx_word' id='word_1_255' title='bbox 622 3063 709 3117; x_wconf 90' lang='lat' dir='ltr'><strong>ullum</strong></span> <span class='ocrx_word' id='word_1_256' title='bbox 728 3065 854 3118; x_wconf 84' lang='lat' dir='ltr'><strong>materiai</strong></span> 
     </span>
     <span class='ocr_line' id='line_1_39' title="bbox 148 3138 998 3209; baseline 0.004 -17"><span class='ocrx_word' id='word_1_257' title='bbox 148 3138 266 3207; x_wconf 85' lang='lat' dir='ltr'><strong>effugere</strong></span> <span class='ocrx_word' id='word_1_258' title='bbox 279 3156 313 3192; x_wconf 88' lang='lat' dir='ltr'><strong>ex</strong></span> <span class='ocrx_word' id='word_1_259' title='bbox 325 3138 404 3204; x_wconf 90' lang='lat' dir='ltr'><strong>omni,</strong></span> <span class='ocrx_word' id='word_1_260' title='bbox 413 3138 556 3207; x_wconf 89' lang='lat' dir='ltr'><strong>quicquam</strong></span> <span class='ocrx_word' id='word_1_261' title='bbox 569 3143 612 3192; x_wconf 83' lang='lat' dir='ltr'><strong>est</strong></span> <span class='ocrx_word' id='word_1_262' title='bbox 620 3146 708 3208; x_wconf 73' lang='lat' dir='ltr'><strong>extra,</strong></span> <span class='ocrx_word' id='word_1_263' title='bbox 721 3157 809 3209; x_wconf 88' lang='lat' dir='ltr'><strong>neque</strong></span> <span class='ocrx_word' id='word_1_264' title='bbox 821 3141 848 3192; x_wconf 86' lang='lat' dir='ltr'><strong>in</strong></span> <span class='ocrx_word' id='word_1_265' title='bbox 861 3156 940 3194; x_wconf 89' lang='lat' dir='ltr'><strong>omne</strong></span> <span class='ocrx_word' id='word_1_266' title='bbox 962 3156 998 3195; x_wconf 79' lang='lat' dir='ltr'><strong>soe</strong></span> 
     </span>
    </p>
   </div>
   <div class='ocr_carea' id='block_1_2' title="bbox 65 3215 1125 3474">
    <p class='ocr_par' dir='ltr' id='par_1_3' title="bbox 65 3215 1125 3474">
     <span class='ocr_line' id='line_1_40' title="bbox 147 3215 1125 3368; baseline 0.003 -101"><span class='ocrx_word' id='word_1_267' title='bbox 147 3215 204 3268; x_wconf 88' lang='lat' dir='ltr'><strong>und</strong></span> <span class='ocrx_word' id='word_1_268' title='bbox 239 3219 332 3268; x_wconf 87' lang='lat' dir='ltr'><strong>coorta</strong></span> <span class='ocrx_word' id='word_1_269' title='bbox 351 3221 435 3284; x_wconf 90' lang='lat' dir='ltr'><strong>queat</strong></span> <span class='ocrx_word' id='word_1_270' title='bbox 453 3231 522 3269; x_wconf 90' lang='lat' dir='ltr'><strong>nova</strong></span> <span class='ocrx_word' id='word_1_271' title='bbox 539 3216 580 3269; x_wconf 88' lang='lat' dir='ltr'><strong>vis</strong></span> <span class='ocrx_word' id='word_1_272' title='bbox 597 3216 753 3286; x_wconf 85' lang='lat' dir='ltr'><strong>inrumpere</strong></span> <span class='ocrx_word' id='word_1_273' title='bbox 771 3221 801 3271; x_wconf 90' lang='lat' dir='ltr'><strong>et</strong></span> <span class='ocrx_word' id='word_1_274' title='bbox 818 3232 924 3350; x_wconf 42' lang='lat' dir='ltr'><strong>eligam</strong></span> <span class='ocrx_word' id='word_1_275' title='bbox 1037 3275 1125 3368; x_wconf 44' lang='lat'><em>4</em></span> 
     </span>
     <span class='ocr_line' id='line_1_41' title="bbox 65 3233 1017 3474; baseline 0.003 -45"><span class='ocrx_word' id='word_1_276' title='bbox 65 3233 281 3424; x_wconf 49' lang='lat' dir='ltr'><strong>ML?</strong></span> <span class='ocrx_word' id='word_1_277' title='bbox 408 3292 584 3434; x_wconf 54' lang='lat'><strong>‘⁰¹1</strong></span> <span class='ocrx_word' id='word_1_278' title='bbox 639 3369 757 3450; x_wconf 58' lang='lat'><strong>722„</strong></span> <span class='ocrx_word' id='word_1_279' title='bbox 807 3289 1017 3474; x_wconf 52' lang='lat' dir='ltr'><strong>cefff?</strong></span> 
     </span>
    </p>
   </div>
   <div class='ocr_carea' id='block_1_3' title="bbox 544 3439 753 3530">
    <p class='ocr_par' dir='ltr' id='par_1_4' title="bbox 544 3439 753 3530">
     <span class='ocr_line' id='line_1_42' title="bbox 544 3439 753 3530; baseline 0 -4"><span class='ocrx_word' id='word_1_280' title='bbox 544 3525 557 3530; x_wconf 67' lang='grc'><strong>,</strong></span> <span class='ocrx_word' id='word_1_281' title='bbox 619 3439 753 3526; x_wconf 58' lang='lat' dir='ltr'><strong><em>W</em></strong></span> 
     </span>
    </p>
   </div>
   <div class='ocr_carea' id='block_1_4' title="bbox 0 0 1130 3530">
    <p class='ocr_par' dir='ltr' id='par_1_5' title="bbox 0 0 1130 3530">
     <span class='ocr_line' id='line_1_43' title="bbox 0 0 1130 3530; baseline 0 4"><span class='ocrx_word' id='word_1_282' title='bbox 0 0 1130 3530; x_wconf 95' lang='lat' dir='ltr'><strong> </strong></span> 
     </span>
    </p>
   </div>
  </div>
 </body>
</html>
