2244 3532
567 144 635 198 xxiii

222 288 275 339 216
310 298 361 352 pro
374 296 447 336 unm
460 281 649 338 Lachmannus
664 282 749 337 miili.
761 281 859 337 melius
872 283 966 336 lemen
978 297 1024 335 ex-

171 369 271 424 cidisse
289 383 398 421 versum
414 366 558 420 constituit
576 367 723 421 Goebelius
741 366 798 420 obs.
817 367 924 420 Lucrct.
941 382 967 434 p.
983 371 1024 419 25.
1092 355 1098 368 '

173 457 294 524 loquitur
317 453 389 507 enim
414 456 498 523 poeta
518 452 553 506 de
577 453 730 507 incredibili
754 454 851 508 horum
880 470 1025 522 corporum

170 540 319 596 celeritate.
341 556 437 593 versus
461 543 606 608 sequentes
637 539 754 593 Gellium
790 544 819 594 ei
848 539 967 593 Nonium
996 539 1025 591 in

171 633 270 695 quarto
282 626 352 679 libro
368 625 467 694 legisse
484 629 589 679 certum
603 629 646 679 est
660 643 711 680 nec
728 626 841 680 dubium
858 643 918 680 esse
932 629 1024 694 polest

172 712 238 781 quin
256 728 303 765 eos
326 715 375 766 eui
398 712 456 780 ipse
480 714 623 780 poelaaut
647 713 753 782 primus
776 713 868 766 editor
891 711 942 765 hoc
966 711 1025 764 loce

170 800 300 869 posueris
324 798 466 854 fatendum
490 802 646 854 esttamen
670 799 697 852 in
717 799 787 852 libro
809 802 895 867 sexte,
919 797 967 851 ubi
989 797 1023 850 ad

171 873 294 940 lilleram
307 885 453 953 iterantur,
468 885 505 938 sd
519 883 570 938 loci
589 885 754 939 sententiam
765 902 914 953 rerumque
928 900 1024 938 conex-

171 988 219 1025 um
230 971 317 1025 mullo
329 970 587 1026 accommodatiores
599 987 669 1024 esse.

223 1063 274 1112 229
293 1061 323 1112 et
342 1058 386 1112 hic
407 1062 436 1112 et
459 1057 488 1110 in
506 1061 584 1112 sexle
605 1056 675 1110 libro
700 1055 855 1109 necessario
874 1055 1024 1110 servandus

171 1144 289 1199 videtur.
307 1144 375 1198 dicit
386 1149 467 1212 prela
479 1160 528 1198 nos
546 1143 682 1197 sentiendi
694 1143 749 1197 vim
760 1145 894 1212 perpetuo
913 1141 1024 1210 habere,

172 1236 201 1286 et
215 1232 304 1299 licere,
317 1233 340 1285 si
354 1232 477 1296 velimus,
494 1229 585 1283 omniu
601 1247 709 1298 semper
725 1246 838 1284 cernere
858 1233 910 1284 cet.
940 1229 1024 1282 Lech-

171 1318 402 1385 meminationes,
414 1317 463 1384 qui
475 1317 546 1369 hunc
560 1333 668 1370 versum
686 1316 773 1383 eiecit,
785 1333 872 1385 paene
888 1315 1025 1369 absurdae

171 1406 241 1458 suni
264 1403 356 1458 dicere
373 1401 446 1456 enim
466 1417 516 1454 nos
532 1404 666 1470 perpetuo
682 1405 712 1454 ei
730 1417 839 1468 semper
854 1400 944 1454 omnis
963 1416 1024 1454 sen·

170 1492 231 1558 tire,
244 1490 369 1559 desipere
382 1491 432 1542 est.

223 1583 272 1630 245
284 1576 348 1630 libri
360 1590 447 1630 eoem.
483 1574 673 1629 Lechmsnnus
684 1580 774 1627 curel.

222 1666 270 1720 271
286 1666 315 1717 ei
327 1667 378 1719 278
390 1679 441 1732 pro
452 1676 527 1715 vnnn
539 1663 643 1715 frustra
655 1661 845 1715 Lachmannus
857 1667 932 1728 curel,
944 1662 1015 1716 berre.

222 1755 273 1804 284
285 1765 335 1819 pro
353 1764 385 1802 iu
402 1763 463 1802 num
482 1747 577 1817 scripsi
590 1748 623 1800 in
634 1748 718 1802 idem.
755 1747 846 1802 hausit
864 1748 898 1801 id
913 1764 1023 1816 preces-

170 1834 239 1887 dens
257 1834 311 1898 in,·
331 1832 431 1888 deinde
449 1850 484 1886 ex
496 1849 540 1887 em
552 1833 618 1887 fecii
631 1833 760 1888 librarius
779 1851 850 1888 cum.
886 1838 981 1890 contra
994 1850 1024 1890 1v

172 1925 238 1976 1037
250 1920 284 1972 ie
297 1917 400 1972 excidit
411 1921 474 1986 posi
486 1918 524 1971 id.
555 1918 744 1972 Lachmannus
756 1919 872 1972 iterum.

222 2011 273 2060 290
286 2005 476 2058 Lachmannus
487 2021 541 2057 non
553 2008 628 2058 recle
640 2009 703 2073 post
720 2009 770 2061 270
784 2006 934 2061 collocavit.
970 2007 1023 2061 col-

169 2093 226 2146 late
238 2092 311 2146 eninr
325 2097 373 2149 107
387 2095 502 2161 apparet
519 2090 663 2145 simulacra
675 2092 718 2146 vel
732 2092 872 2161 imagines,
884 2111 938 2147 nen
950 2094 1023 2163 ipsas

169 2196 221 2244 res,
235 2177 406 2246 speculorum
419 2193 585 2247 exsequere
604 2176 723 2231 reddere
735 2179 830 2233 risum.
867 2179 961 2248 itaque
972 2197 1022 2249 pro

170 2277 242 2317 1nn1s
261 2278 335 2324 cirne
352 2279 483 2317 snnnunr
496 2263 591 2332 scripsi
604 2263 664 2318 illic
675 2278 748 2331 quor
763 2265 890 2318 reddent.

222 2354 272 2403 303
286 2349 474 2404 Lachmannus
486 2356 537 2403 aul
549 2352 621 2417 aule,
630 2365 681 2417 ego
694 2366 755 2402 cum
768 2348 907 2403 veteribus
919 2367 950 2404 ee
960 2356 1023 2419 pest

169 2449 221 2488 snx
234 2435 337 2489 addidi.

221 2525 321 2576 alc—6
333 2519 396 2574 libri
409 2535 483 2573 Arnn
493 2520 645 2574 Coumuuo.
667 2521 855 2576 Lachmannus
866 2530 935 2591 ater,
943 2525 1023 2578 Aera

168 2606 309 2661 continuo.
346 2604 443 2659 melius
455 2606 619 2674 Bernaysius
630 2623 682 2660 aer
697 2608 774 2674 Ater,
786 2608 927 2662 continuo.

222 2689 290 2744 Post
302 2693 352 2748 397
365 2707 419 2744 non
433 2691 529 2745 dubito
543 2692 607 2759 quin
619 2692 700 2746 huius
712 2693 770 2748 fere
782 2692 856 2747 modi
869 2711 964 2748 versus
976 2713 1022 2749 ex-

169 2773 277 2843 ciderit,
289 2776 401 2829 Fallere
413 2793 493 2844 saepe
503 2777 639 2830 animum
651 2779 744 2831 simili
757 2778 868 2831 retinete
886 2778 1021 2833 videmus.

171 2859 224 2912 Pro
236 2875 428 2921 exrnnrmnun
442 2862 630 2916 Lachmannus
641 2880 696 2916 non
708 2863 779 2917 bene
791 2870 888 2917 eclani
902 2881 992 2933 usque.

221 2951 272 3001 418
290 2963 352 3000 cum
365 2947 408 3001 ed.
422 2949 495 3004 lunt.
514 2953 544 3004 et
556 2949 690 3004 Lambine
708 2954 772 3005 ente
792 2951 906 3005 videare
925 2952 1021 3006 addidi

169 3037 209 3098 ut,
222 3031 297 3100 qnod
315 3032 355 3085 ibi
372 3032 499 3088 facillime
517 3035 643 3089 excidere
661 3036 759 3104 potuit.
795 3035 896 3090 deinde
908 3042 959 3091 419
971 3055 1022 3106 pro

169 3133 303 3187 consess,
312 3120 387 3189 quod
399 3126 481 3176 nocet
489 3123 648 3190 sententiae,
661 3129 769 3188 cetere‚·
783 3127 812 3177 et
823 3141 873 3192 pro
890 3139 1021 3178 umsnnn

169 3203 264 3271 scripsi
282 3205 422 3260 mirando.
458 3223 515 3260 rem
532 3223 583 3259 non
605 3207 742 3261 intellexit
758 3207 945 3263 liaehnrsnnus
964 3209 1018 3278 qui,
