2244 3532
532 95 618 148 xxxiii

147 246 180 284 ex
199 228 312 282 tardirre
327 227 400 284 dabat
416 228 483 284 fecit
497 231 580 285 eorde
595 231 732 286 ridebant.
767 231 957 288 Lachmannus
968 234 999 290 ct.

146 313 329 368 conveniebat.
364 314 393 366 in
409 314 534 382 proxime
549 332 631 370 versu
650 317 760 372 artibus
776 333 837 372 cum
855 320 1001 389 superiori-

147 396 198 450 bus
210 397 343 451 coniunxi.

482 603 601 657 LIBER
620 605 670 658 vi.

202 747 234 796 15
269 756 431 810 ecrescere,
456 742 531 811 qued
554 742 618 796 libri
641 743 669 796 in
694 744 748 798 fine
771 761 867 799 versus
889 744 1000 815 habent,

147 835 263 902 apparet
279 851 314 887 ex
332 839 363 888 16
380 833 434 887 huc
448 833 600 903 irrepsisse,
616 850 667 886 nec
687 833 783 888 dubito
802 835 868 902 quin
887 835 1000 890 Lucreti

148 919 232 972 verta
255 917 425 971 restitnerim
449 917 592 972 scribendo
615 919 676 972 riae
700 919 767 973 ulla.
804 920 998 989 LachmennuS,

147 1005 257 1057 retento
281 1002 310 1055 in
333 1001 384 1056 hcc
407 1018 488 1057 versu
510 1004 649 1071 querellis²
670 1009 702 1058 16
725 1021 776 1073 pre
798 1021 887 1059 rause
907 1021 999 1067 ircim

147 1087 279 1142 audacter
286 1087 457 1154 partirique,
469 1105 519 1156 pre
532 1103 686 1149 annrnnrs
699 1091 807 1160 scripsit
814 1091 939 1158 perietis.

205 1179 235 1227 31
273 1189 322 1242 pro
335 1188 403 1226 creir
415 1173 604 1227 Lachmannus
616 1192 709 1228 caasa.

198 1265 232 1314 46
267 1275 318 1327 pre
337 1274 463 1312 mssonm
480 1260 584 1329 optime
600 1261 746 1315 Gcebelius
761 1261 818 1315 ebs.
836 1262 915 1316 Lucr.
926 1281 952 1333 p.
966 1269 999 1320 18

149 1347 271 1400 resectai.
308 1346 343 1400 cf.
357 1361 376 1399 v
394 1348 444 1402 773
463 1346 527 1410 Qun
538 1346 609 1412 fieri
624 1347 763 1413 quicquit
778 1355 870 1416 posset
887 1349 1000 1405 ratione

149 1431 253 1485 recolet.
288 1430 457 1501 ineptissime
477 1431 672 1500 Lachmenmrs,
693 1436 800 1486 servato
820 1434 946 1504 dissolui,
964 1441 998 1490 45

148 1533 199 1585 pro
212 1531 346 1577 rmmecn
359 1516 467 1585 scripsit
478 1518 601 1586 fateare,
613 1521 753 1587 tamquam
770 1518 913 1573 fatendum
926 1524 1000 1577 esset

146 1605 288 1672 pleraque,
305 1619 359 1656 non
379 1604 484 1672 emnia,
501 1605 656 1659 necessario
677 1605 798 1659 dissolri.
833 1604 907 1660 idem
926 1607 999 1662 velet

149 1693 244 1743 contra
257 1688 484 1758 Bernaysiiflarzt
491 1695 671 1757 pareantque,
684 1707 712 1745 a.
725 1689 773 1744 Pt.
785 1689 906 1743 dissolri.

201 1777 234 1832 47
253 1790 312 1844 sqq.
346 1773 421 1828 locus
433 1779 577 1843 corruptus
590 1791 671 1843 quem
684 1779 784 1841 tamen,
797 1779 829 1829 ut
840 1779 916 1845 puta,
929 1776 998 1830 satis

149 1861 248 1915 leniter
257 1861 407 1915 emendavi.
435 1861 548 1916 lacunae
561 1861 668 1929 signum
679 1864 743 1929 poet
754 1865 787 1918 47
800 1861 893 1930 posui;
904 1867 937 1916 48
949 1878 999 1930 pro

149 1951 321 2004 monstruoso
333 1963 473 2003 rxmrsrtr
481 1949 576 2018 scripsi
589 1947 679 2001 eeira
691 1953 729 1999 at.
742 1947 780 2001 sic
792 1962 822 2000 iv
834 1951 885 2001 820
894 1962 944 2016 pre
953 1947 1000 2000 air

151 2035 195 2087 ati
204 2033 266 2088 libri
278 2049 401 2088 vntrcrr.
436 2033 543 2102 deinde,
556 2036 663 2103 etpost
671 2034 824 2102 peroratae
835 2033 938 2101 addito,
950 2050 1000 2103 pro

150 2135 242 2175 carm
258 2121 365 2188 omina,
379 2125 408 2175 et
426 2126 459 2175 49
471 2137 521 2190 pro
535 2135 643 2174 rnvonn
655 2119 764 2186 farore
777 2119 880 2188 scripsi.
915 2121 945 2173 in
956 2120 1000 2174 his

149 2206 272 2261 versibus
295 2208 384 2276 iisque
408 2223 479 2275 ques
506 2207 670 2260 interierunt
694 2206 733 2259 sic
762 2205 820 2258 fere
850 2205 1001 2275 disputavit

150 2296 239 2362 poeta.
263 2293 361 2347 ‘semel
374 2292 508 2360 insignem
520 2308 630 2345 currum
649 2289 830 2344 conscendere
849 2291 1001 2360 [Musarum

149 2377 264 2445 institui,
285 2381 314 2430 et
334 2393 380 2430 res
400 2376 533 2430 caelestes
554 2392 620 2428 vere
643 2375 749 2429 ratione
769 2376 913 2445 explicere,
934 2393 1001 2446 ques

149 2462 272 2516 homines
292 2461 386 2529 inepte
406 2459 443 2513 ed
464 2459 530 2512 dees
550 2460 680 2514 referunt.
715 2459 822 2514 hicum
841 2459 1000 2528 irascantur,

149 2546 262 2601 fulmina
283 2549 312 2600 et
331 2544 465 2614 procellas
486 2545 515 2598 in
536 2549 638 2600 terram
658 2547 771 2601 mittere
792 2546 884 2612 eiunt;
905 2562 1000 2601 rursus

150 2634 243 2687 eutem
266 2631 432 2701 praedicant,
458 2631 567 2700 quando
591 2632 708 2686 cesserit
729 2631 783 2702 vis]
799 2635 950 2697 ventorum,
968 2634 1000 2685 ut

149 2718 226 2777 idern
244 2718 273 2772 di
293 2718 387 2773 exire
405 2718 555 2787 placentur,
574 2721 606 2773 ut
629 2718 736 2788 placeto
754 2718 847 2772 furore
864 2717 955 2771 emine
972 2717 1000 2771 in

150 2805 247 2859 melius
270 2821 399 2860 conversa
423 2805 485 2860 sint.
537 2805 630 2860 cetere
653 2805 731 2875 [item
755 2803 846 2858 emnia
875 2803 911 2857 ad
935 2803 1001 2858 deos

150 2891 284 2961 referunt]
302 2909 373 2960 quae
396 2892 457 2946 fieri
476 2893 542 2962 sqq?
581 2891 768 2945 Lachmannus
786 2889 831 2944 hic
849 2892 954 2944 temere
973 2892 1002 2944 et

151 2976 225 3030 nullo
242 2979 352 3032 consilio
370 2977 435 3046 egit.
470 2981 503 3037 47
521 2995 571 3047 pro
590 2991 726 3031 merentem
744 2974 852 3043 scripsit
870 2973 1001 3039 institai;

151 3068 185 3117 48
203 3079 253 3132 pro
278 3063 435 3118 Ventorum
453 3063 580 3118 eairtaat
596 3062 747 3130 placeatur
764 3060 863 3114 omnia
880 3059 1006 3114 mirabile

152 3151 203 3202 'trec
228 3150 377 3205 Ventorum
394 3157 420 3206 et
437 3155 547 3206 certaret
562 3147 728 3217 plaapeatr'a
739 3145 884 3215 flamiam
904 3151 936 3200 49
955 3161 1006 3215 pro
