2234 3526
401 511 429 568 Τ.
448 511 614 567 nucarii
634 511 728 567 CARI

241 681 321 754 DE
362 682 580 756 RERUM
621 680 886 758 NATURA

404 872 531 920 LIBER
554 869 722 920 SEXTUS.

501 1051 602 1080 —0—

138 1197 245 1252 Primae
262 1198 416 1269 frugiparos
434 1198 507 1252 ictus
524 1198 685 1253 mortalibus
703 1198 792 1266 aegris

137 1274 297 1352 dididerunt
315 1276 452 1343 quondam
470 1276 611 1344 praeclaro
629 1274 738 1328 nomine
757 1273 885 1328 Athenae

137 1354 166 1404 et
184 1355 376 1404 recreaverunt
394 1352 478 1404 suram
496 1351 625 1420 legesque
643 1353 782 1419 rogarunt,

137 1430 166 1480 et
183 1427 288 1496 primae
305 1426 442 1481 dederunt
460 1426 558 1480 solacia
576 1427 666 1480 daileia
683 1427 764 1494 vitae,

136 1519 198 1556 cum
214 1519 334 1571 genuere
352 1503 439 1557 virum
456 1503 506 1556 tali
523 1519 584 1557 cum
602 1502 686 1556 eorde
704 1504 854 1572 repertum,
976 1513 990 1552 o

136 1579 226 1633 omnia
242 1578 360 1634 veridico
378 1579 425 1647 qui
443 1579 580 1647 qnondam
599 1596 633 1633 ex
651 1596 699 1633 ore
716 1577 854 1646 proludit3

136 1657 212 1710 cirins
229 1659 259 1709 et
276 1655 391 1709 extincti
409 1659 523 1724 propter
541 1653 633 1708 divina
650 1658 763 1724 reperta

137 1731 274 1798 divolgata
292 1735 371 1785 vetus
389 1732 442 1784 iam
461 1731 496 1784 ad
514 1731 618 1785 caelum
636 1731 723 1800 gloria
740 1731 836 1784 fertur.

136 1825 199 1860 num
217 1824 278 1860 cum
296 1807 367 1861 vidit
384 1807 427 1861 hie
445 1807 481 1861 ad
499 1808 602 1861 victum
619 1824 690 1876 quae
708 1807 815 1876 flagitat
832 1821 899 1859 usus

137 1883 226 1936 omnio
243 1882 297 1934 iam
314 1882 401 1936 ferme
418 1883 578 1936 mortalibus
596 1900 656 1937 esse
674 1889 770 1952 parata
965 1891 991 1933 ιο

137 1962 172 2020 et,
190 1973 322 2026 proquam
340 1961 448 2026 posset‚'
459 1960 543 2012 vitam
561 1960 711 2014 consistere
728 1963 826 2024 tutam,

136 2033 237 2086 divitiis
254 2033 377 2087 homines
395 2034 543 2088 ethonore
561 2039 590 2089 et
608 2035 690 2089 laude
707 2035 835 2106 potentis>

135 2109 246 2164 affluere
263 2113 347 2178 atque
365 2110 437 2164 bona
454 2116 599 2178 gnatorum
616 2112 752 2166 excellere
769 2113 848 2178 fama,

135 2203 184 2240 nec
201 2186 291 2239 minus
309 2203 369 2240 esse
387 2187 462 2240 domi
479 2188 605 2256 cuiquam
625 2191 718 2242 tamen
736 2188 816 2240 anxia
834 2186 925 2254 corda,

135 2267 218 2332 atque
235 2263 318 2316 animi
336 2263 449 2331 ingratis
466 2263 551 2318 vitam
569 2280 669 2318 vexare
686 2265 748 2318 sinc
767 2265 824 2318 allo
964 2278 990 2317 1⁵

134 2356 220 2408 pausa
238 2343 321 2408 atque
339 2340 445 2393 infestis
463 2340 540 2407 cogei
558 2341 661 2394 saevire
680 2341 819 2409 querellis,

134 2415 269 2483 intellegit
287 2415 324 2468 ibi
342 2417 439 2469 vitium
457 2432 505 2469 vas
523 2416 631 2470 efficere
648 2418 738 2485 ipsum

134 2492 283 2560 omniaque
296 2491 368 2545 iliius
386 2492 453 2545 vitio
472 2493 641 2561 corrumpier
658 2494 733 2546 intus

134 2583 205 2634 quae
222 2567 329 2620 conlata
347 2567 413 2620 foris
432 2571 460 2621 et
478 2569 621 2621 commoda
638 2586 755 2638 cumque
773 2570 913 2636 venireut3

135 2643 235 2710 partim
253 2643 328 2711 qnod
345 2643 447 2696 fluxum
465 2649 663 2713 pertusumque
681 2662 741 2699 esse
759 2645 882 2712 videbat,'
963 2663 988 2701 ro

133 2719 257 2772 utnulla
274 2719 367 2787 posset
385 2720 490 2772 ratione
509 2720 646 2789 explerier
663 2738 808 2790 umquam;
930 2719 933 2724 ’

106 2821 108 2826 v
133 2795 233 2862 partim
252 2795 325 2863 quod
344 2799 433 2848 taetro
451 2797 530 2864 quasi
548 2813 728 2865 conspurcare
746 2813 843 2865 sapore

133 2871 223 2923 omnia
240 2871 379 2937 cernebat,
397 2889 584 2940 quaecumque
601 2876 750 2941 receperat,
767 2874 848 2927 intus.

134 2946 258 2999 veridicis
276 2947 361 3014 igitur
379 2948 507 3016 purgavit
525 2951 638 3017 pectora
656 2949 738 3003 dictis
809 2959 812 2963 ’

133 3025 162 3075 ct
179 3022 261 3074 finem
280 3023 377 3076 statuit
395 3023 556 3092 cuppedinis
574 3029 658 3092 atque
676 3025 782 3079 timoris
964 3044 989 3082 25

134 3098 315 3166 exposuitque
333 3099 433 3151 bonum
452 3115 586 3152 summum
605 3117 660 3168 quo
677 3102 816 3154 tendimus
834 3119 929 3157 omnes

135 3173 201 3239 quil
220 3172 298 3234 soret,
317 3179 401 3242 atque
420 3175 490 3226 riam
508 3177 679 3244 monstravit,
698 3179 811 3231 ira-mite
829 3195 913 3246 parvo
