<?xml version="1.0" encoding="UTF-8"?>
<!DOCTYPE html PUBLIC "-//W3C//DTD XHTML 1.0 Transitional//EN"
    "http://www.w3.org/TR/xhtml1/DTD/xhtml1-transitional.dtd">
<html xmlns="http://www.w3.org/1999/xhtml" xml:lang="en" lang="en">
 <head>
  <title>
</title>
<meta http-equiv="Content-Type" content="text/html;charset=utf-8" />
  <meta name='ocr-system' content='tesseract 3.04.00' />
  <meta name='ocr-capabilities' content='ocr_page ocr_carea ocr_par ocr_line ocrx_word'/>
</head>
<body>
  <div class='ocr_page' id='page_1' title='image "./tlucreticarider11carugoog_0217.png"; bbox 0 0 2234 3526; ppageno 0'>
   <div class='ocr_carea' id='block_1_1' title="bbox 562 131 1002 197">
    <p class='ocr_par' dir='ltr' id='par_1_1' title="bbox 562 131 1002 197">
     <span class='ocr_line' id='line_1_1' title="bbox 562 131 1002 197; baseline 0.002 -2"><span class='ocrx_word' id='word_1_1' title='bbox 562 131 605 188; x_wconf 87' lang='lat' dir='ltr'><strong>Vl</strong></span> <span class='ocrx_word' id='word_1_2' title='bbox 953 139 1002 197; x_wconf 82' lang='lat'><strong>171</strong></span> 
     </span>
    </p>
   </div>
   <div class='ocr_carea' id='block_1_2' title="bbox 155 237 1014 3295">
    <p class='ocr_par' dir='ltr' id='par_1_2' title="bbox 157 237 922 446">
     <span class='ocr_line' id='line_1_2' title="bbox 159 237 922 309; baseline 0.001 -16"><span class='ocrx_word' id='word_1_3' title='bbox 159 239 265 294; x_wconf 89' lang='lat' dir='ltr'><strong>tollitur</strong></span> <span class='ocrx_word' id='word_1_4' title='bbox 283 239 312 292; x_wconf 92' lang='lat' dir='ltr'><strong>in</strong></span> <span class='ocrx_word' id='word_1_5' title='bbox 329 239 416 292; x_wconf 91' lang='lat' dir='ltr'><strong>nubis.</strong></span> <span class='ocrx_word' id='word_1_6' title='bbox 434 254 488 306; x_wconf 90' lang='lat' dir='ltr'><strong>quo</strong></span> <span class='ocrx_word' id='word_1_7' title='bbox 506 254 567 291; x_wconf 90' lang='lat' dir='ltr'><strong>cum</strong></span> <span class='ocrx_word' id='word_1_8' title='bbox 584 237 654 292; x_wconf 88' lang='lat' dir='ltr'><strong>bene</strong></span> <span class='ocrx_word' id='word_1_9' title='bbox 672 239 774 292; x_wconf 88' lang='lat' dir='ltr'><strong>semina</strong></span> <span class='ocrx_word' id='word_1_10' title='bbox 791 256 922 309; x_wconf 87' lang='lat' dir='ltr'><strong>aquarum</strong></span> 
     </span>
     <span class='ocr_line' id='line_1_3' title="bbox 159 314 913 384; baseline 0.001 -15"><span class='ocrx_word' id='word_1_11' title='bbox 159 316 245 369; x_wconf 90' lang='lat' dir='ltr'><strong>multa</strong></span> <span class='ocrx_word' id='word_1_12' title='bbox 265 314 353 368; x_wconf 89' lang='lat' dir='ltr'><strong>modis</strong></span> <span class='ocrx_word' id='word_1_13' title='bbox 371 314 464 367; x_wconf 87' lang='lat' dir='ltr'><strong>multis</strong></span> <span class='ocrx_word' id='word_1_14' title='bbox 481 331 631 368; x_wconf 87' lang='lat' dir='ltr'><strong>convenere</strong></span> <span class='ocrx_word' id='word_1_15' title='bbox 649 315 771 384; x_wconf 90' lang='lat' dir='ltr'><strong>undique</strong></span> <span class='ocrx_word' id='word_1_16' title='bbox 788 317 913 384; x_wconf 86' lang='lat' dir='ltr'><strong>adaucta,</strong></span> 
     </span>
     <span class='ocr_line' id='line_1_4' title="bbox 157 391 804 446; baseline -0.002 0"><span class='ocrx_word' id='word_1_17' title='bbox 157 392 297 446; x_wconf 83' lang='lat' dir='ltr'><strong>confertae</strong></span> <span class='ocrx_word' id='word_1_18' title='bbox 316 391 402 444; x_wconf 90' lang='lat' dir='ltr'><strong>nubes</strong></span> <span class='ocrx_word' id='word_1_19' title='bbox 419 407 549 444; x_wconf 80' lang='lat' dir='ltr'><strong>amorem</strong></span> <span class='ocrx_word' id='word_1_20' title='bbox 567 391 679 445; x_wconf 89' lang='lat' dir='ltr'><strong>mittere</strong></span> <span class='ocrx_word' id='word_1_21' title='bbox 696 396 804 446; x_wconf 88' lang='lat' dir='ltr'><strong>certant</strong></span> 
     </span>
    </p>

    <p class='ocr_par' dir='ltr' id='par_1_3' title="bbox 158 468 1011 614">
     <span class='ocr_line' id='line_1_5' title="bbox 158 468 1011 538; baseline 0.004 -17"><span class='ocrx_word' id='word_1_22' title='bbox 158 468 320 538; x_wconf 87' lang='lat' dir='ltr'><strong>dupliciter;</strong></span> <span class='ocrx_word' id='word_1_23' title='bbox 339 483 402 520; x_wconf 90' lang='lat' dir='ltr'><strong>nam</strong></span> <span class='ocrx_word' id='word_1_24' title='bbox 420 468 460 520; x_wconf 90' lang='lat' dir='ltr'><strong>vis</strong></span> <span class='ocrx_word' id='word_1_25' title='bbox 477 468 554 520; x_wconf 84' lang='lat' dir='ltr'><strong>venti</strong></span> <span class='ocrx_word' id='word_1_26' title='bbox 571 468 711 521; x_wconf 88' lang='lat' dir='ltr'><strong>contrudit</strong></span> <span class='ocrx_word' id='word_1_27' title='bbox 728 473 757 522; x_wconf 90' lang='lat' dir='ltr'><strong>et</strong></span> <span class='ocrx_word' id='word_1_28' title='bbox 775 470 834 538; x_wconf 89' lang='lat' dir='ltr'><strong>ipsa</strong></span> <span class='ocrx_word' id='word_1_29' title='bbox 976 485 1011 524; x_wconf 80' lang='lat' dir='ltr'><strong>sio</strong></span> 
     </span>
     <span class='ocr_line' id='line_1_6' title="bbox 158 543 738 614; baseline 0 -16"><span class='ocrx_word' id='word_1_30' title='bbox 158 545 235 614; x_wconf 89' lang='lat' dir='ltr'><strong>copia</strong></span> <span class='ocrx_word' id='word_1_31' title='bbox 253 543 405 600; x_wconf 84' lang='lat' dir='ltr'>nimborum</span> <span class='ocrx_word' id='word_1_32' title='bbox 425 543 508 597; x_wconf 89' lang='lat' dir='ltr'><strong>turba</strong></span> <span class='ocrx_word' id='word_1_33' title='bbox 524 545 626 598; x_wconf 88' lang='lat' dir='ltr'><strong>maiore</strong></span> <span class='ocrx_word' id='word_1_34' title='bbox 644 549 738 598; x_wconf 87' lang='lat' dir='ltr'><strong>coacta</strong></span> 
     </span>
    </p>

    <p class='ocr_par' dir='ltr' id='par_1_4' title="bbox 157 619 913 767">
     <span class='ocr_line' id='line_1_7' title="bbox 157 619 913 690; baseline 0.008 -16"><span class='ocrx_word' id='word_1_35' title='bbox 157 625 246 689; x_wconf 87' lang='lat' dir='ltr'><strong>urget,</strong></span> <span class='ocrx_word' id='word_1_36' title='bbox 265 619 301 674; x_wconf 89' lang='lat' dir='ltr'><strong>de</strong></span> <span class='ocrx_word' id='word_1_37' title='bbox 318 637 417 690; x_wconf 89' lang='lat' dir='ltr'><strong>supero</strong></span> <span class='ocrx_word' id='word_1_38' title='bbox 436 621 536 690; x_wconf 79' lang='lat' dir='ltr'><strong>premit</strong></span> <span class='ocrx_word' id='word_1_39' title='bbox 554 637 586 674; x_wconf 88' lang='lat' dir='ltr'><strong>ac</strong></span> <span class='ocrx_word' id='word_1_40' title='bbox 603 622 670 676; x_wconf 84' lang='lat' dir='ltr'><strong>iacit</strong></span> <span class='ocrx_word' id='word_1_41' title='bbox 687 623 796 678; x_wconf 90' lang='lat' dir='ltr'><strong>effluere</strong></span> <span class='ocrx_word' id='word_1_42' title='bbox 812 626 913 680; x_wconf 88' lang='lat' dir='ltr'><strong>imbris.</strong></span> 
     </span>
     <span class='ocr_line' id='line_1_8' title="bbox 157 699 886 767; baseline 0.004 -15"><span class='ocrx_word' id='word_1_43' title='bbox 157 702 302 767; x_wconf 90' lang='lat' dir='ltr'><strong>praeterea</strong></span> <span class='ocrx_word' id='word_1_44' title='bbox 320 715 381 752; x_wconf 89' lang='lat' dir='ltr'><strong>cum</strong></span> <span class='ocrx_word' id='word_1_45' title='bbox 401 700 542 750; x_wconf 86' lang='lat' dir='ltr'><strong>rarescunt</strong></span> <span class='ocrx_word' id='word_1_46' title='bbox 560 715 670 766; x_wconf 90' lang='lat' dir='ltr'><strong>quoque</strong></span> <span class='ocrx_word' id='word_1_47' title='bbox 687 699 781 753; x_wconf 88' lang='lat' dir='ltr'><strong>nubila</strong></span> <span class='ocrx_word' id='word_1_48' title='bbox 798 702 886 755; x_wconf 88' lang='lat' dir='ltr'><strong>ventis</strong></span> 
     </span>
    </p>

    <p class='ocr_par' dir='ltr' id='par_1_5' title="bbox 157 774 788 844">
     <span class='ocr_line' id='line_1_9' title="bbox 157 774 788 844; baseline 0.003 -16"><span class='ocrx_word' id='word_1_49' title='bbox 157 779 206 828; x_wconf 87' lang='lat' dir='ltr'><strong>aut</strong></span> <span class='ocrx_word' id='word_1_50' title='bbox 224 775 417 839; x_wconf 84' lang='lat' dir='ltr'><strong>dissolvuntur,</strong></span> <span class='ocrx_word' id='word_1_51' title='bbox 436 774 500 827; x_wconf 90' lang='lat' dir='ltr'><strong>solis</strong></span> <span class='ocrx_word' id='word_1_52' title='bbox 519 791 601 844; x_wconf 90' lang='lat' dir='ltr'><strong>super</strong></span> <span class='ocrx_word' id='word_1_53' title='bbox 618 775 674 828; x_wconf 87' lang='lat' dir='ltr'><strong>icta</strong></span> <span class='ocrx_word' id='word_1_54' title='bbox 692 776 788 844; x_wconf 89' lang='lat' dir='ltr'><strong>calore,</strong></span> 
     </span>
    </p>

    <p class='ocr_par' dir='ltr' id='par_1_6' title="bbox 156 851 1011 997">
     <span class='ocr_line' id='line_1_10' title="bbox 158 851 1011 922; baseline 0.005 -18"><span class='ocrx_word' id='word_1_55' title='bbox 158 852 273 906; x_wconf 90' lang='lat' dir='ltr'><strong>mittunt</strong></span> <span class='ocrx_word' id='word_1_56' title='bbox 290 867 414 908; x_wconf 90' lang='lat' dir='ltr'><strong>umorem</strong></span> <span class='ocrx_word' id='word_1_57' title='bbox 432 851 554 921; x_wconf 88' lang='lat' dir='ltr'><strong>pluvium</strong></span> <span class='ocrx_word' id='word_1_58' title='bbox 574 851 741 920; x_wconf 89' lang='lat' dir='ltr'><strong>stillantque‚</strong></span> <span class='ocrx_word' id='word_1_59' title='bbox 758 853 836 922; x_wconf 88' lang='lat' dir='ltr'><strong>quasi</strong></span> <span class='ocrx_word' id='word_1_60' title='bbox 853 854 909 920; x_wconf 82' lang='lat' dir='ltr'><strong>igni</strong></span> <span class='ocrx_word' id='word_1_61' title='bbox 976 871 1011 908; x_wconf 78' lang='lat' dir='ltr'><strong>ors</strong></span> 
     </span>
     <span class='ocr_line' id='line_1_11' title="bbox 156 926 856 997; baseline 0 -15"><span class='ocrx_word' id='word_1_62' title='bbox 156 945 219 982; x_wconf 89' lang='lat' dir='ltr'><strong>cera</strong></span> <span class='ocrx_word' id='word_1_63' title='bbox 237 945 319 997; x_wconf 90' lang='lat' dir='ltr'><strong>super</strong></span> <span class='ocrx_word' id='word_1_64' title='bbox 337 926 425 981; x_wconf 92' lang='lat' dir='ltr'><strong>calido</strong></span> <span class='ocrx_word' id='word_1_65' title='bbox 449 928 593 981; x_wconf 78' lang='lat' dir='ltr'><strong>tabescens</strong></span> <span class='ocrx_word' id='word_1_66' title='bbox 611 928 697 981; x_wconf 89' lang='lat' dir='ltr'><strong>multa</strong></span> <span class='ocrx_word' id='word_1_67' title='bbox 714 928 856 997; x_wconf 75' lang='lat' dir='ltr'><strong>liquescat.</strong></span> 
     </span>
    </p>

    <p class='ocr_par' dir='ltr' id='par_1_7' title="bbox 156 1003 898 1151">
     <span class='ocr_line' id='line_1_12' title="bbox 157 1003 864 1074; baseline 0.004 -17"><span class='ocrx_word' id='word_1_68' title='bbox 157 1005 206 1058; x_wconf 89' lang='lat' dir='ltr'><strong>sed</strong></span> <span class='ocrx_word' id='word_1_69' title='bbox 223 1021 334 1058; x_wconf 85' lang='lat' dir='ltr'><strong>vemens</strong></span> <span class='ocrx_word' id='word_1_70' title='bbox 352 1004 441 1057; x_wconf 85' lang='lat' dir='ltr'>imber</span> <span class='ocrx_word' id='word_1_71' title='bbox 465 1004 504 1071; x_wconf 90' lang='lat' dir='ltr'><strong>fit,</strong></span> <span class='ocrx_word' id='word_1_72' title='bbox 523 1003 571 1056; x_wconf 90' lang='lat' dir='ltr'><strong>ubi</strong></span> <span class='ocrx_word' id='word_1_73' title='bbox 589 1008 730 1057; x_wconf 88' lang='lat' dir='ltr'><strong>vementer</strong></span> <span class='ocrx_word' id='word_1_74' title='bbox 747 1009 864 1074; x_wconf 80' lang='lat' dir='ltr'><strong>utraque</strong></span> 
     </span>
     <span class='ocr_line' id='line_1_13' title="bbox 156 1081 898 1151; baseline 0.003 -17"><span class='ocrx_word' id='word_1_75' title='bbox 156 1081 292 1134; x_wconf 80' lang='lat' dir='ltr'><strong>nubilari</strong></span> <span class='ocrx_word' id='word_1_76' title='bbox 310 1081 448 1134; x_wconf 89' lang='lat' dir='ltr'><strong>cumulata</strong></span> <span class='ocrx_word' id='word_1_77' title='bbox 470 1084 633 1150; x_wconf 90' lang='lat' dir='ltr'><strong>premuntur</strong></span> <span class='ocrx_word' id='word_1_78' title='bbox 651 1085 680 1134; x_wconf 91' lang='lat' dir='ltr'><strong>et</strong></span> <span class='ocrx_word' id='word_1_79' title='bbox 697 1082 801 1151; x_wconf 87' lang='lat' dir='ltr'><strong>impete</strong></span> <span class='ocrx_word' id='word_1_80' title='bbox 818 1083 898 1136; x_wconf 88' lang='lat' dir='ltr'><strong>venti.</strong></span> 
     </span>
    </p>

    <p class='ocr_par' dir='ltr' id='par_1_8' title="bbox 156 1157 1012 1381">
     <span class='ocr_line' id='line_1_14' title="bbox 157 1157 847 1227; baseline 0.003 -17"><span class='ocrx_word' id='word_1_81' title='bbox 157 1162 240 1226; x_wconf 89' lang='lat' dir='ltr'><strong>atque</strong></span> <span class='ocrx_word' id='word_1_82' title='bbox 258 1162 353 1212; x_wconf 89' lang='lat' dir='ltr'><strong>tenere</strong></span> <span class='ocrx_word' id='word_1_83' title='bbox 372 1158 419 1211; x_wconf 90' lang='lat' dir='ltr'><strong>diu</strong></span> <span class='ocrx_word' id='word_1_84' title='bbox 439 1157 548 1227; x_wconf 83' lang='lat' dir='ltr'><strong>pluviae</strong></span> <span class='ocrx_word' id='word_1_85' title='bbox 567 1157 730 1226; x_wconf 78' lang='lat' dir='ltr'><strong>longumque</strong></span> <span class='ocrx_word' id='word_1_86' title='bbox 747 1160 847 1212; x_wconf 89' lang='lat' dir='ltr'><strong>morari</strong></span> 
     </span>
     <span class='ocr_line' id='line_1_15' title="bbox 156 1234 1012 1304; baseline 0.002 -17"><span class='ocrx_word' id='word_1_87' title='bbox 156 1239 328 1303; x_wconf 84' lang='lat' dir='ltr'><strong>consuerunt,</strong></span> <span class='ocrx_word' id='word_1_88' title='bbox 346 1235 394 1288; x_wconf 88' lang='lat' dir='ltr'><strong>ubi</strong></span> <span class='ocrx_word' id='word_1_89' title='bbox 413 1234 502 1287; x_wconf 88' lang='lat' dir='ltr'><strong>multa</strong></span> <span class='ocrx_word' id='word_1_90' title='bbox 520 1235 627 1286; x_wconf 80' lang='lat' dir='ltr'>cientur</span> <span class='ocrx_word' id='word_1_91' title='bbox 645 1235 749 1288; x_wconf 89' lang='lat' dir='ltr'><strong>semina</strong></span> <span class='ocrx_word' id='word_1_92' title='bbox 767 1252 897 1304; x_wconf 89' lang='lat' dir='ltr'><strong>aquarum</strong></span> <span class='ocrx_word' id='word_1_93' title='bbox 976 1251 1012 1289; x_wconf 78' lang='lat' dir='ltr'><strong>sao</strong></span> 
     </span>
     <span class='ocr_line' id='line_1_16' title="bbox 156 1310 809 1381; baseline 0 -17"><span class='ocrx_word' id='word_1_94' title='bbox 156 1314 240 1381; x_wconf 89' lang='lat' dir='ltr'><strong>atque</strong></span> <span class='ocrx_word' id='word_1_95' title='bbox 257 1312 317 1364; x_wconf 89' lang='lat' dir='ltr'><strong>aliis</strong></span> <span class='ocrx_word' id='word_1_96' title='bbox 335 1311 404 1364; x_wconf 88' lang='lat' dir='ltr'><strong>aliae</strong></span> <span class='ocrx_word' id='word_1_97' title='bbox 424 1310 511 1364; x_wconf 88' lang='lat' dir='ltr'><strong>nubes</strong></span> <span class='ocrx_word' id='word_1_98' title='bbox 529 1310 669 1379; x_wconf 82' lang='lat' dir='ltr'><strong>nimbique</strong></span> <span class='ocrx_word' id='word_1_99' title='bbox 687 1311 809 1378; x_wconf 83' lang='lat' dir='ltr'><strong>rigantes</strong></span> 
     </span>
    </p>

    <p class='ocr_par' dir='ltr' id='par_1_9' title="bbox 156 1387 862 1458">
     <span class='ocr_line' id='line_1_17' title="bbox 156 1387 862 1458; baseline 0 -17"><span class='ocrx_word' id='word_1_100' title='bbox 156 1388 268 1458; x_wconf 82' lang='lat' dir='ltr'><strong>insuper</strong></span> <span class='ocrx_word' id='word_1_101' title='bbox 286 1391 370 1457; x_wconf 89' lang='lat' dir='ltr'><strong>atque</strong></span> <span class='ocrx_word' id='word_1_102' title='bbox 388 1388 460 1441; x_wconf 92' lang='lat' dir='ltr'><strong>omni</strong></span> <span class='ocrx_word' id='word_1_103' title='bbox 478 1387 560 1454; x_wconf 86' lang='lat' dir='ltr'><strong>vulgo</strong></span> <span class='ocrx_word' id='word_1_104' title='bbox 579 1388 614 1440; x_wconf 87' lang='lat' dir='ltr'><strong>de</strong></span> <span class='ocrx_word' id='word_1_105' title='bbox 632 1391 712 1456; x_wconf 89' lang='lat' dir='ltr'><strong>parto</strong></span> <span class='ocrx_word' id='word_1_106' title='bbox 730 1388 862 1452; x_wconf 84' lang='lat' dir='ltr'><strong>feruntur,</strong></span> 
     </span>
    </p>

    <p class='ocr_par' dir='ltr' id='par_1_10' title="bbox 157 1463 863 1534">
     <span class='ocr_line' id='line_1_18' title="bbox 157 1463 863 1534; baseline 0 -16"><span class='ocrx_word' id='word_1_107' title='bbox 157 1467 286 1534; x_wconf 87' lang='lat' dir='ltr'><strong>terraque</strong></span> <span class='ocrx_word' id='word_1_108' title='bbox 305 1483 366 1519; x_wconf 87' lang='lat' dir='ltr'><strong>cum</strong></span> <span class='ocrx_word' id='word_1_109' title='bbox 384 1465 491 1517; x_wconf 87' lang='lat' dir='ltr'><strong>fumans</strong></span> <span class='ocrx_word' id='word_1_110' title='bbox 509 1479 631 1516; x_wconf 90' lang='lat' dir='ltr'><strong>umorem</strong></span> <span class='ocrx_word' id='word_1_111' title='bbox 650 1467 710 1517; x_wconf 88' lang='lat' dir='ltr'><strong>tota</strong></span> <span class='ocrx_word' id='word_1_112' title='bbox 729 1463 863 1518; x_wconf 87' lang='lat' dir='ltr'><strong>redhalat.</strong></span> 
     </span>
    </p>

    <p class='ocr_par' dir='ltr' id='par_1_11' title="bbox 155 1540 859 1609">
     <span class='ocr_line' id='line_1_19' title="bbox 155 1540 859 1609; baseline -0.003 -14"><span class='ocrx_word' id='word_1_113' title='bbox 155 1540 200 1594; x_wconf 88' lang='lat' dir='ltr'><strong>bie</strong></span> <span class='ocrx_word' id='word_1_114' title='bbox 217 1541 264 1594; x_wconf 92' lang='lat' dir='ltr'><strong>ubi</strong></span> <span class='ocrx_word' id='word_1_115' title='bbox 284 1542 323 1595; x_wconf 91' lang='lat' dir='ltr'><strong>sol</strong></span> <span class='ocrx_word' id='word_1_116' title='bbox 340 1541 426 1594; x_wconf 87' lang='lat' dir='ltr'><strong>radiis</strong></span> <span class='ocrx_word' id='word_1_117' title='bbox 444 1543 637 1606; x_wconf 76' lang='lat' dir='ltr'><strong>tempestatem</strong></span> <span class='ocrx_word' id='word_1_118' title='bbox 656 1540 730 1592; x_wconf 90' lang='lat' dir='ltr'><strong>inter</strong></span> <span class='ocrx_word' id='word_1_119' title='bbox 748 1557 859 1609; x_wconf 84' lang='lat' dir='ltr'><strong>opacam</strong></span> 
     </span>
    </p>

    <p class='ocr_par' dir='ltr' id='par_1_12' title="bbox 158 1616 1011 1761">
     <span class='ocr_line' id='line_1_20' title="bbox 158 1616 1011 1684; baseline 0 -13"><span class='ocrx_word' id='word_1_120' title='bbox 158 1617 274 1672; x_wconf 86' lang='lat' dir='ltr'><strong>adversa</strong></span> <span class='ocrx_word' id='word_1_121' title='bbox 291 1617 369 1671; x_wconf 86' lang='lat' dir='ltr'><strong>fulsit</strong></span> <span class='ocrx_word' id='word_1_122' title='bbox 385 1616 538 1669; x_wconf 85' lang='lat' dir='ltr'><strong>nimborum</strong></span> <span class='ocrx_word' id='word_1_123' title='bbox 556 1616 699 1684; x_wconf 73' lang='lat' dir='ltr'><strong>aspargine</strong></span> <span class='ocrx_word' id='word_1_124' title='bbox 717 1620 819 1682; x_wconf 89' lang='lat' dir='ltr'><strong>contra,</strong></span> <span class='ocrx_word' id='word_1_125' title='bbox 976 1633 1011 1672; x_wconf 73' lang='lat'><strong>525</strong></span> 
     </span>
     <span class='ocr_line' id='line_1_21' title="bbox 159 1691 806 1761; baseline -0.006 -13"><span class='ocrx_word' id='word_1_126' title='bbox 159 1697 218 1748; x_wconf 91' lang='lat' dir='ltr'><strong>tum</strong></span> <span class='ocrx_word' id='word_1_127' title='bbox 236 1695 309 1747; x_wconf 89' lang='lat' dir='ltr'><strong>color</strong></span> <span class='ocrx_word' id='word_1_128' title='bbox 327 1694 354 1747; x_wconf 93' lang='lat' dir='ltr'><strong>in</strong></span> <span class='ocrx_word' id='word_1_129' title='bbox 373 1693 456 1761; x_wconf 84' lang='lat' dir='ltr'><strong>nigris</strong></span> <span class='ocrx_word' id='word_1_130' title='bbox 474 1692 569 1745; x_wconf 82' lang='lat' dir='ltr'><strong>existit</strong></span> <span class='ocrx_word' id='word_1_131' title='bbox 587 1691 703 1745; x_wconf 90' lang='lat' dir='ltr'><strong>nubibus</strong></span> <span class='ocrx_word' id='word_1_132' title='bbox 721 1692 806 1760; x_wconf 87' lang='lat' dir='ltr'><strong>arqui.</strong></span> 
     </span>
    </p>

    <p class='ocr_par' dir='ltr' id='par_1_13' title="bbox 158 1770 1012 2370">
     <span class='ocr_line' id='line_1_22' title="bbox 194 1770 981 1840; baseline -0.001 -16"><span class='ocrx_word' id='word_1_133' title='bbox 194 1770 294 1825; x_wconf 78' lang='lat' dir='ltr'><strong>Cetera</strong></span> <span class='ocrx_word' id='word_1_134' title='bbox 311 1787 381 1840; x_wconf 89' lang='lat' dir='ltr'><strong>quae</strong></span> <span class='ocrx_word' id='word_1_135' title='bbox 401 1786 506 1823; x_wconf 90' lang='lat' dir='ltr'><strong>sorsum</strong></span> <span class='ocrx_word' id='word_1_136' title='bbox 525 1771 651 1822; x_wconf 86' lang='lat' dir='ltr'><strong>crescunt</strong></span> <span class='ocrx_word' id='word_1_137' title='bbox 667 1784 828 1835; x_wconf 86' lang='lat' dir='ltr'><strong>sorsumquo</strong></span> <span class='ocrx_word' id='word_1_138' title='bbox 846 1774 981 1839; x_wconf 87' lang='lat' dir='ltr'><strong>creantur,</strong></span> 
     </span>
     <span class='ocr_line' id='line_1_23' title="bbox 158 1844 919 1916; baseline -0.001 -15"><span class='ocrx_word' id='word_1_139' title='bbox 158 1850 188 1901; x_wconf 91' lang='lat' dir='ltr'><strong>et</strong></span> <span class='ocrx_word' id='word_1_140' title='bbox 206 1864 276 1916; x_wconf 87' lang='lat' dir='ltr'><strong>quae</strong></span> <span class='ocrx_word' id='word_1_141' title='bbox 294 1849 471 1901; x_wconf 90' lang='lat' dir='ltr'><strong>concrescunt</strong></span> <span class='ocrx_word' id='word_1_142' title='bbox 487 1845 515 1898; x_wconf 94' lang='lat' dir='ltr'><strong>in</strong></span> <span class='ocrx_word' id='word_1_143' title='bbox 533 1844 659 1912; x_wconf 88' lang='lat' dir='ltr'><strong>nubibus,</strong></span> <span class='ocrx_word' id='word_1_144' title='bbox 677 1845 775 1910; x_wconf 86' lang='lat' dir='ltr'><strong>omnia,</strong></span> <span class='ocrx_word' id='word_1_145' title='bbox 793 1862 919 1914; x_wconf 86' lang='lat' dir='ltr'><strong>prorsum</strong></span> 
     </span>
     <span class='ocr_line' id='line_1_24' title="bbox 158 1920 846 1991; baseline -0.001 -14"><span class='ocrx_word' id='word_1_146' title='bbox 158 1924 254 1991; x_wconf 84' lang='lat' dir='ltr'><strong>omnia,</strong></span> <span class='ocrx_word' id='word_1_147' title='bbox 273 1924 319 1976; x_wconf 87' lang='lat' dir='ltr'><strong>nix</strong></span> <span class='ocrx_word' id='word_1_148' title='bbox 338 1923 412 1976; x_wconf 83' lang='lat' dir='ltr'><strong>venti</strong></span> <span class='ocrx_word' id='word_1_149' title='bbox 429 1921 535 1990; x_wconf 85' lang='lat' dir='ltr'><strong>grando</strong></span> <span class='ocrx_word' id='word_1_150' title='bbox 552 1920 715 1990; x_wconf 81' lang='lat' dir='ltr'><strong>gelidaeque</strong></span> <span class='ocrx_word' id='word_1_151' title='bbox 732 1921 846 1990; x_wconf 88' lang='lat' dir='ltr'><strong>pruinae</strong></span> 
     </span>
     <span class='ocr_line' id='line_1_25' title="bbox 158 1997 1012 2068; baseline 0.001 -14"><span class='ocrx_word' id='word_1_152' title='bbox 158 2010 188 2054; x_wconf 82' lang='lat' dir='ltr'><strong>et</strong></span> <span class='ocrx_word' id='word_1_153' title='bbox 205 2001 245 2054; x_wconf 87' lang='lat' dir='ltr'><strong>vis</strong></span> <span class='ocrx_word' id='word_1_154' title='bbox 263 2017 361 2068; x_wconf 84' lang='lat' dir='ltr'><strong>magna</strong></span> <span class='ocrx_word' id='word_1_155' title='bbox 378 1999 440 2068; x_wconf 89' lang='lat' dir='ltr'><strong>geli,</strong></span> <span class='ocrx_word' id='word_1_156' title='bbox 458 2015 587 2067; x_wconf 74' lang='lat' dir='ltr'><strong>magnum</strong></span> <span class='ocrx_word' id='word_1_157' title='bbox 606 1997 739 2051; x_wconf 88' lang='lat' dir='ltr'><strong>duramen</strong></span> <span class='ocrx_word' id='word_1_158' title='bbox 756 2014 894 2068; x_wconf 81' lang='lat' dir='ltr'><strong>aquarum,</strong></span> <span class='ocrx_word' id='word_1_159' title='bbox 977 2017 1012 2055; x_wconf 80' lang='lat' dir='ltr'><strong>seo</strong></span> 
     </span>
     <span class='ocr_line' id='line_1_26' title="bbox 159 2069 898 2145; baseline -0.001 -15"><span class='ocrx_word' id='word_1_160' title='bbox 159 2080 188 2130; x_wconf 92' lang='lat' dir='ltr'><strong>et</strong></span> <span class='ocrx_word' id='word_1_161' title='bbox 206 2093 282 2130; x_wconf 87' lang='lat' dir='ltr'><strong>mora</strong></span> <span class='ocrx_word' id='word_1_162' title='bbox 299 2093 369 2145; x_wconf 87' lang='lat' dir='ltr'><strong>quae</strong></span> <span class='ocrx_word' id='word_1_163' title='bbox 387 2076 482 2128; x_wconf 84' lang='lat' dir='ltr'><strong>fluvios</strong></span> <span class='ocrx_word' id='word_1_164' title='bbox 500 2075 599 2144; x_wconf 87' lang='lat' dir='ltr'><strong>passim</strong></span> <span class='ocrx_word' id='word_1_165' title='bbox 619 2075 749 2128; x_wconf 86' lang='lat' dir='ltr'><strong>refrenat</strong></span> <span class='ocrx_word' id='word_1_166' title='bbox 760 2075 858 2141; x_wconf 88' lang='lat' dir='ltr'><strong>euntis,</strong></span> <span class='ocrx_word' id='word_1_167' title='bbox 896 2069 898 2073; x_wconf 49' lang='lat'><em>⁷</em></span> 
     </span>
     <span class='ocr_line' id='line_1_27' title="bbox 159 2151 920 2222; baseline -0.001 -16"><span class='ocrx_word' id='word_1_168' title='bbox 159 2153 315 2222; x_wconf 84' lang='lat' dir='ltr'><strong>perfacilest</strong></span> <span class='ocrx_word' id='word_1_169' title='bbox 333 2155 424 2206; x_wconf 85' lang='lat' dir='ltr'><strong>tamen</strong></span> <span class='ocrx_word' id='word_1_170' title='bbox 442 2151 508 2203; x_wconf 89' lang='lat' dir='ltr'><strong>haec</strong></span> <span class='ocrx_word' id='word_1_171' title='bbox 526 2151 649 2218; x_wconf 87' lang='lat' dir='ltr'><strong>reperire</strong></span> <span class='ocrx_word' id='word_1_172' title='bbox 666 2151 811 2219; x_wconf 89' lang='lat' dir='ltr'><strong>animoque</strong></span> <span class='ocrx_word' id='word_1_173' title='bbox 828 2153 920 2205; x_wconf 85' lang='lat' dir='ltr'><strong>videro</strong></span> 
     </span>
     <span class='ocr_line' id='line_1_28' title="bbox 158 2223 803 2296; baseline -0.003 -16"><span class='ocrx_word' id='word_1_174' title='bbox 158 2229 249 2282; x_wconf 87' lang='lat' dir='ltr'><strong>omnia</strong></span> <span class='ocrx_word' id='word_1_175' title='bbox 265 2246 319 2296; x_wconf 90' lang='lat' dir='ltr'><strong>quo</strong></span> <span class='ocrx_word' id='word_1_176' title='bbox 337 2231 418 2296; x_wconf 87' lang='lat' dir='ltr'><strong>pacto</strong></span> <span class='ocrx_word' id='word_1_177' title='bbox 436 2226 504 2279; x_wconf 89' lang='lat' dir='ltr'><strong>fiant</strong></span> <span class='ocrx_word' id='word_1_178' title='bbox 521 2242 641 2294; x_wconf 80' lang='lat' dir='ltr'><strong>quareve</strong></span> <span class='ocrx_word' id='word_1_179' title='bbox 658 2223 803 2292; x_wconf 88' lang='lat' dir='ltr'><strong>creentur‚&#39;</strong></span> 
     </span>
     <span class='ocr_line' id='line_1_29' title="bbox 158 2300 904 2370; baseline -0.004 -12"><span class='ocrx_word' id='word_1_180' title='bbox 158 2322 220 2358; x_wconf 91' lang='lat' dir='ltr'><strong>cum</strong></span> <span class='ocrx_word' id='word_1_181' title='bbox 237 2305 306 2358; x_wconf 90' lang='lat' dir='ltr'><strong>bene</strong></span> <span class='ocrx_word' id='word_1_182' title='bbox 325 2304 449 2370; x_wconf 84' lang='lat' dir='ltr'><strong>cognoris</strong></span> <span class='ocrx_word' id='word_1_183' title='bbox 467 2301 609 2354; x_wconf 88' lang='lat' dir='ltr'><strong>elementis</strong></span> <span class='ocrx_word' id='word_1_184' title='bbox 626 2300 737 2354; x_wconf 86' lang='lat' dir='ltr'><strong>reddita</strong></span> <span class='ocrx_word' id='word_1_185' title='bbox 754 2318 824 2370; x_wconf 88' lang='lat' dir='ltr'><strong>qnae</strong></span> <span class='ocrx_word' id='word_1_186' title='bbox 842 2303 904 2355; x_wconf 86' lang='lat' dir='ltr'><strong>sint.</strong></span> 
     </span>
    </p>

    <p class='ocr_par' dir='ltr' id='par_1_14' title="bbox 159 2377 1014 3295">
     <span class='ocr_line' id='line_1_30' title="bbox 194 2377 1007 2450; baseline -0.014 -16"><span class='ocrx_word' id='word_1_187' title='bbox 194 2382 274 2450; x_wconf 88' lang='lat' dir='ltr'><strong>Nunc</strong></span> <span class='ocrx_word' id='word_1_188' title='bbox 291 2397 342 2449; x_wconf 84' lang='lat' dir='ltr'><strong>age</strong></span> <span class='ocrx_word' id='word_1_189' title='bbox 360 2395 430 2448; x_wconf 85' lang='lat' dir='ltr'><strong>quae</strong></span> <span class='ocrx_word' id='word_1_190' title='bbox 448 2378 517 2431; x_wconf 87' lang='lat' dir='ltr'><strong>ratio</strong></span> <span class='ocrx_word' id='word_1_191' title='bbox 534 2377 619 2430; x_wconf 87' lang='lat' dir='ltr'><strong>terrai</strong></span> <span class='ocrx_word' id='word_1_192' title='bbox 637 2377 756 2429; x_wconf 91' lang='lat' dir='ltr'><strong>motibus</strong></span> <span class='ocrx_word' id='word_1_193' title='bbox 773 2380 851 2430; x_wconf 87' lang='lat' dir='ltr'><strong>extet</strong></span> <span class='ocrx_word' id='word_1_194' title='bbox 957 2384 1007 2449; x_wconf 31' lang='lat' dir='ltr'><strong>&#39;ase</strong></span> 
     </span>
     <span class='ocr_line' id='line_1_31' title="bbox 159 2452 895 2529; baseline -0.008 -17"><span class='ocrx_word' id='word_1_195' title='bbox 159 2459 276 2529; x_wconf 89' lang='lat' dir='ltr'><strong>percipe.</strong></span> <span class='ocrx_word' id='word_1_196' title='bbox 295 2461 325 2512; x_wconf 86' lang='lat' dir='ltr'><strong>et</strong></span> <span class='ocrx_word' id='word_1_197' title='bbox 341 2457 371 2509; x_wconf 92' lang='lat' dir='ltr'><strong>in</strong></span> <span class='ocrx_word' id='word_1_198' title='bbox 387 2455 483 2525; x_wconf 91' lang='lat' dir='ltr'><strong>primis</strong></span> <span class='ocrx_word' id='word_1_199' title='bbox 500 2457 604 2507; x_wconf 89' lang='lat' dir='ltr'><strong>terram</strong></span> <span class='ocrx_word' id='word_1_200' title='bbox 621 2452 665 2506; x_wconf 83' lang='lat' dir='ltr'><strong>iac</strong></span> <span class='ocrx_word' id='word_1_201' title='bbox 682 2455 714 2505; x_wconf 89' lang='lat' dir='ltr'><strong>ut</strong></span> <span class='ocrx_word' id='word_1_202' title='bbox 731 2468 791 2505; x_wconf 91' lang='lat' dir='ltr'><strong>esse</strong></span> <span class='ocrx_word' id='word_1_203' title='bbox 809 2454 895 2506; x_wconf 85' lang='lat' dir='ltr'><strong>rearis</strong></span> 
     </span>
     <span class='ocr_line' id='line_1_32' title="bbox 161 2528 909 2603; baseline -0.008 -15"><span class='ocrx_word' id='word_1_204' title='bbox 161 2538 256 2603; x_wconf 84' lang='lat' dir='ltr'><strong>supter</strong></span> <span class='ocrx_word' id='word_1_205' title='bbox 273 2535 340 2589; x_wconf 91' lang='lat' dir='ltr'><strong>item</strong></span> <span class='ocrx_word' id='word_1_206' title='bbox 358 2536 390 2587; x_wconf 90' lang='lat' dir='ltr'><strong>ut</strong></span> <span class='ocrx_word' id='word_1_207' title='bbox 409 2548 508 2601; x_wconf 87' lang='lat' dir='ltr'><strong>supera</strong></span> <span class='ocrx_word' id='word_1_208' title='bbox 525 2529 645 2583; x_wconf 87' lang='lat' dir='ltr'><strong>ventosis</strong></span> <span class='ocrx_word' id='word_1_209' title='bbox 662 2528 784 2596; x_wconf 86' lang='lat' dir='ltr'><strong>undique</strong></span> <span class='ocrx_word' id='word_1_210' title='bbox 801 2529 909 2597; x_wconf 87' lang='lat' dir='ltr'><strong>plenam</strong></span> 
     </span>
     <span class='ocr_line' id='line_1_33' title="bbox 161 2605 861 2682; baseline -0.01 -17"><span class='ocrx_word' id='word_1_211' title='bbox 161 2611 295 2682; x_wconf 88' lang='lat' dir='ltr'><strong>speluncis</strong></span> <span class='ocrx_word' id='word_1_212' title='bbox 312 2611 468 2678; x_wconf 89' lang='lat' dir='ltr'><strong>multosque</strong></span> <span class='ocrx_word' id='word_1_213' title='bbox 485 2608 559 2661; x_wconf 79' lang='lat' dir='ltr'><strong>lanus</strong></span> <span class='ocrx_word' id='word_1_214' title='bbox 577 2605 731 2672; x_wconf 84' lang='lat' dir='ltr'><strong>multasque</strong></span> <span class='ocrx_word' id='word_1_215' title='bbox 749 2605 861 2659; x_wconf 88' lang='lat' dir='ltr'><strong>lucunas</strong></span> 
     </span>
     <span class='ocr_line' id='line_1_34' title="bbox 161 2683 855 2756; baseline -0.013 -14"><span class='ocrx_word' id='word_1_216' title='bbox 161 2689 189 2741; x_wconf 93' lang='lat' dir='ltr'><strong>in</strong></span> <span class='ocrx_word' id='word_1_217' title='bbox 207 2689 309 2756; x_wconf 78' lang='lat' dir='ltr'><strong>gremio</strong></span> <span class='ocrx_word' id='word_1_218' title='bbox 326 2704 422 2756; x_wconf 79' lang='lat' dir='ltr'><strong>gerere</strong></span> <span class='ocrx_word' id='word_1_219' title='bbox 440 2689 470 2740; x_wconf 91' lang='lat' dir='ltr'><strong>et</strong></span> <span class='ocrx_word' id='word_1_220' title='bbox 487 2701 570 2755; x_wconf 89' lang='lat' dir='ltr'><strong>rupes</strong></span> <span class='ocrx_word' id='word_1_221' title='bbox 589 2683 759 2752; x_wconf 87' lang='lat' dir='ltr'><strong>deruptaque</strong></span> <span class='ocrx_word' id='word_1_222' title='bbox 777 2698 855 2744; x_wconf 84' lang='lat' dir='ltr'><strong>saxa;</strong></span> 
     </span>
     <span class='ocr_line' id='line_1_35' title="bbox 162 2759 1013 2834; baseline -0.011 -16"><span class='ocrx_word' id='word_1_223' title='bbox 162 2765 302 2834; x_wconf 89' lang='lat' dir='ltr'><strong>multaque</strong></span> <span class='ocrx_word' id='word_1_224' title='bbox 320 2764 371 2817; x_wconf 92' lang='lat' dir='ltr'><strong>sub</strong></span> <span class='ocrx_word' id='word_1_225' title='bbox 387 2767 467 2832; x_wconf 82' lang='lat' dir='ltr'><strong>tergo</strong></span> <span class='ocrx_word' id='word_1_226' title='bbox 485 2762 570 2816; x_wconf 84' lang='lat' dir='ltr'><strong>terrai</strong></span> <span class='ocrx_word' id='word_1_227' title='bbox 587 2759 699 2813; x_wconf 86' lang='lat' dir='ltr'><strong>flumina</strong></span> <span class='ocrx_word' id='word_1_228' title='bbox 716 2761 791 2812; x_wconf 85' lang='lat' dir='ltr'><strong>tecta</strong></span> <span class='ocrx_word' id='word_1_229' title='bbox 977 2773 1013 2811; x_wconf 78' lang='lat' dir='ltr'><strong>sm</strong></span> 
     </span>
     <span class='ocr_line' id='line_1_36' title="bbox 162 2834 934 2905; baseline -0.006 -10"><span class='ocrx_word' id='word_1_230' title='bbox 162 2842 270 2895; x_wconf 88' lang='lat' dir='ltr'><strong>volvere</strong></span> <span class='ocrx_word' id='word_1_231' title='bbox 288 2842 314 2895; x_wconf 86' lang='lat' dir='ltr'><strong>vi</strong></span> <span class='ocrx_word' id='word_1_232' title='bbox 330 2842 430 2896; x_wconf 85' lang='lat' dir='ltr'><strong>fluetus</strong></span> <span class='ocrx_word' id='word_1_233' title='bbox 447 2854 651 2905; x_wconf 88' lang='lat' dir='ltr'><strong>summersaque</strong></span> <span class='ocrx_word' id='word_1_234' title='bbox 669 2853 734 2890; x_wconf 82' lang='lat' dir='ltr'><strong>saxa</strong></span> <span class='ocrx_word' id='word_1_235' title='bbox 751 2834 934 2903; x_wconf 84' lang='lat' dir='ltr'><strong>putandumst</strong></span> 
     </span>
     <span class='ocr_line' id='line_1_37' title="bbox 162 2910 989 2987; baseline -0.011 -15"><span class='ocrx_word' id='word_1_236' title='bbox 162 2919 283 2987; x_wconf 88' lang='lat' dir='ltr'><strong>undique</strong></span> <span class='ocrx_word' id='word_1_237' title='bbox 301 2921 374 2972; x_wconf 91' lang='lat' dir='ltr'><strong>enim</strong></span> <span class='ocrx_word' id='word_1_238' title='bbox 392 2918 507 2972; x_wconf 89' lang='lat' dir='ltr'><strong>similem</strong></span> <span class='ocrx_word' id='word_1_239' title='bbox 525 2933 585 2970; x_wconf 90' lang='lat' dir='ltr'><strong>esse</strong></span> <span class='ocrx_word' id='word_1_240' title='bbox 603 2915 646 2968; x_wconf 88' lang='lat' dir='ltr'><strong>sui</strong></span> <span class='ocrx_word' id='word_1_241' title='bbox 662 2930 707 2967; x_wconf 91' lang='lat' dir='ltr'><strong>res</strong></span> <span class='ocrx_word' id='word_1_242' title='bbox 724 2910 844 2980; x_wconf 89' lang='lat' dir='ltr'><strong>postulat</strong></span> <span class='ocrx_word' id='word_1_243' title='bbox 861 2911 928 2981; x_wconf 87' lang='lat' dir='ltr'><strong>ipsa.</strong></span> <span class='ocrx_word' id='word_1_244' title='bbox 985 2920 989 2930; x_wconf 92' lang='grc'><strong><em>·</em></strong></span> 
     </span>
     <span class='ocr_line' id='line_1_38' title="bbox 163 2990 793 3063; baseline -0.013 -14"><span class='ocrx_word' id='word_1_245' title='bbox 163 2995 206 3049; x_wconf 89' lang='lat' dir='ltr'><strong>his</strong></span> <span class='ocrx_word' id='word_1_246' title='bbox 223 2996 306 3063; x_wconf 84' lang='lat' dir='ltr'><strong>igitur</strong></span> <span class='ocrx_word' id='word_1_247' title='bbox 323 2996 406 3049; x_wconf 88' lang='lat' dir='ltr'><strong>rebus</strong></span> <span class='ocrx_word' id='word_1_248' title='bbox 424 2994 574 3048; x_wconf 86' lang='lat' dir='ltr'><strong>subiunctis</strong></span> <span class='ocrx_word' id='word_1_249' title='bbox 593 2990 793 3060; x_wconf 88' lang='lat' dir='ltr'><strong>suppositisque</strong></span> 
     </span>
     <span class='ocr_line' id='line_1_39' title="bbox 164 3064 865 3142; baseline -0.014 -16"><span class='ocrx_word' id='word_1_250' title='bbox 164 3076 240 3126; x_wconf 90' lang='lat' dir='ltr'><strong>terra</strong></span> <span class='ocrx_word' id='word_1_251' title='bbox 258 3089 375 3142; x_wconf 89' lang='lat' dir='ltr'><strong>superno</strong></span> <span class='ocrx_word' id='word_1_252' title='bbox 392 3072 487 3125; x_wconf 85' lang='lat' dir='ltr'><strong>tremit</strong></span> <span class='ocrx_word' id='word_1_253' title='bbox 503 3069 609 3137; x_wconf 79' lang='lat' dir='ltr'><strong>magnis</strong></span> <span class='ocrx_word' id='word_1_254' title='bbox 628 3082 756 3121; x_wconf 87' lang='lat' dir='ltr'><strong>concussa</strong></span> <span class='ocrx_word' id='word_1_255' title='bbox 773 3064 865 3130; x_wconf 91' lang='lat' dir='ltr'><strong>ruinis,</strong></span> 
     </span>
     <span class='ocr_line' id='line_1_40' title="bbox 164 3141 1014 3216; baseline -0.012 -14"><span class='ocrx_word' id='word_1_256' title='bbox 164 3148 260 3202; x_wconf 83' lang='lat' dir='ltr'><strong>subter</strong></span> <span class='ocrx_word' id='word_1_257' title='bbox 276 3148 324 3202; x_wconf 92' lang='lat' dir='ltr'><strong>ubi</strong></span> <span class='ocrx_word' id='word_1_258' title='bbox 340 3149 459 3216; x_wconf 86' lang='lat' dir='ltr'><strong>ingentis</strong></span> <span class='ocrx_word' id='word_1_259' title='bbox 476 3147 618 3216; x_wconf 88' lang='lat' dir='ltr'><strong>speluncas</strong></span> <span class='ocrx_word' id='word_1_260' title='bbox 636 3141 743 3197; x_wconf 89' lang='lat' dir='ltr'><strong>subruit</strong></span> <span class='ocrx_word' id='word_1_261' title='bbox 760 3144 851 3205; x_wconf 80' lang='lat' dir='ltr'><strong>aetas3</strong></span> <span class='ocrx_word' id='word_1_262' title='bbox 978 3154 1014 3192; x_wconf 77' lang='lat'><strong>545</strong></span> 
     </span>
     <span class='ocr_line' id='line_1_41' title="bbox 164 3222 876 3295; baseline -0.011 -16"><span class='ocrx_word' id='word_1_263' title='bbox 164 3226 265 3295; x_wconf 86' lang='lat' dir='ltr'><strong>quippe</strong></span> <span class='ocrx_word' id='word_1_264' title='bbox 283 3226 385 3279; x_wconf 87' lang='lat' dir='ltr'><strong>endunt</strong></span> <span class='ocrx_word' id='word_1_265' title='bbox 401 3225 454 3279; x_wconf 90' lang='lat' dir='ltr'><strong>toti</strong></span> <span class='ocrx_word' id='word_1_266' title='bbox 471 3228 577 3278; x_wconf 88' lang='lat' dir='ltr'><strong>montes</strong></span> <span class='ocrx_word' id='word_1_267' title='bbox 596 3237 746 3289; x_wconf 83' lang='lat' dir='ltr'><strong>magnoque</strong></span> <span class='ocrx_word' id='word_1_268' title='bbox 764 3222 876 3279; x_wconf 78' lang='lat' dir='ltr'><strong>repente</strong></span> 
     </span>
    </p>
   </div>
   <div class='ocr_carea' id='block_1_3' title="bbox 0 0 1130 3526">
    <p class='ocr_par' dir='ltr' id='par_1_15' title="bbox 0 0 1130 3526">
     <span class='ocr_line' id='line_1_42' title="bbox 0 0 1130 3526; baseline 0 0"><span class='ocrx_word' id='word_1_269' title='bbox 0 0 1130 3526; x_wconf 95' lang='lat' dir='ltr'><strong> </strong></span> 
     </span>
    </p>
   </div>
  </div>
 </body>
</html>
