2252 3530
117 134 154 193 tl

148 239 185 292 Et
203 239 329 306 quoniam
349 256 425 292 meus
443 241 486 292 est
504 238 619 291 hominis
636 255 701 307 pars
719 255 781 307 55555,
798 239 859 294 1555
878 257 949 309 quae

113 314 168 368 lixa
186 318 279 367 manet
296 318 380 381 certo,
399 314 474 367 velut
491 331 571 368 sures
589 318 673 382 atque
691 314 762 368 oculi
780 319 843 370 sunt

113 395 196 458 atquc
213 390 257 442 alii
277 407 371 443 sensus
389 390 436 458 qui
454 391 538 444 vitam
557 407 672 459 cumque
690 391 851 460 gubernant,
931 409 967 448 555

112 471 142 520 55
159 464 244 518 veluti
262 482 356 519 manus
374 471 457 535 atque
476 467 569 520 oculus
587 483 700 520 naresve
720 485 841 521 seorsum

111 546 217 596 secrete
234 542 269 594 ab
288 541 366 595 nobis
384 549 526 610 nequeunt
545 543 647 597 sentire
666 561 755 613 neque
773 561 841 613 esse,

83 648 85 654 ν
110 619 161 671 sed
178 622 270 672 temen
289 617 317 670 in
335 634 418 685 parvo
436 619 556 672 licuntur
575 624 699 688 tempore
716 621 789 685 tabe,

110 695 149 747 sic
166 695 271 748 animus
288 711 337 763 per
355 712 385 748 se
402 711 456 748 non
474 696 535 763 quit
553 696 611 748 sine
628 712 741 764 corpore
760 699 789 750 55
807 696 866 765 ipso

110 787 170 824 esse
187 770 303 835 homine,
320 771 392 824 illius
410 772 489 840 qussi
507 771 580 839 qnod
598 788 646 825 vas
664 788 723 826 esse
741 771 851 825 videtur
928 788 965 826 555

109 847 166 900 sive
184 847 258 900 aliud
276 847 344 915 quid
362 848 403 901 vis
421 847 511 914 potius
529 847 700 901 coniunctius
717 848 743 901 ei

109 923 220 990 fingere,
238 922 459 992 quandoquidem
477 939 581 976 conexu
599 939 696 991 corpus
715 923 856 977 adhaeret.

109 997 229 1067 denique
247 1000 366 1067 eorporis
384 1003 467 1068 atque
485 1000 568 1052 animi
586 1000 676 1052 vivata
693 1003 816 1068 potestas

108 1075 183 1128 inter
200 1092 229 1128 se
248 1075 391 1129 coniuncta
409 1075 502 1128 valent
520 1076 631 1143 litaque
649 1077 794 1141 fruuntur3

110 1166 160 1204 nec
178 1151 235 1204 sinc
254 1167 366 1219 corpore
384 1151 456 1204 enim
474 1151 564 1205 vitalis
583 1151 666 1205 cdere
684 1156 774 1205 motus
927 1167 965 1207 555

111 1227 168 1279 sola
184 1231 278 1296 potest
296 1227 378 1280 animi
397 1244 447 1296 per
466 1244 495 1281 sc
513 1232 612 1282 natura
630 1244 679 1282 nec
698 1232 789 1282 autem

111 1319 215 1355 cassum
235 1304 323 1356 unium
341 1321 439 1372 corpus
458 1304 558 1358 ‹lurure
577 1308 606 1358 55
625 1304 748 1358 sensibus
766 1305 814 1358 uti.

27 1438 29 1442 .
110 1378 213 1432 scilicet
231 1379 337 1433 evolsus
355 1379 494 1434 radicibus
511 1383 544 1434 ut
564 1380 660 1448 nequit
678 1380 760 1434 ullam

111 1455 244 1524 dispicere
262 1455 320 1524 ipse
338 1457 431 1509 oculus
449 1474 508 1510 rem
527 1473 648 1510 seorsum
666 1473 779 1525 corpore
796 1459 864 1522 toto,

111 1531 148 1583 sic
166 1531 255 1583 anima
273 1537 355 1599 alque
374 1532 479 1585 errimus
497 1549 547 1600 per
565 1533 647 1585 senil
667 1549 745 1601 pesse
765 1532 879 1586 videtur.
927 1548 964 1586 555

110 1606 235 1660 nimirum
254 1609 317 1674 quin
332 1625 386 1675 per
404 1625 487 1661 venas
505 1613 534 1660 ct
552 1607 655 1661 viscera
673 1609 788 1676 mixtim,

108 1699 158 1750 per
176 1699 271 1736 nervos
290 1688 373 1751 atque
392 1701 461 1750 osse,
481 1687 609 1737 tenentur
625 1701 739 1753 corpore
756 1685 791 1738 ab
810 1685 882 1738 omni

110 1775 158 1811 nec
177 1760 279 1825 magnis
296 1759 444 1812 intervallis
462 1759 612 1827 primordia
629 1766 743 1829 possunt

107 1834 194 1887 libera
212 1835 364 1901 dissultare,
384 1835 445 1888 ideo
463 1836 588 1889 conclusa
605 1841 748 1891 moventur

110 1910 253 1963 sensiferos
271 1915 360 1964 motus
378 1928 447 1978 quos
465 1914 544 1965 extra
562 1928 660 1981 corpus
679 1913 706 1966 in
725 1930 805 1966 auras
928 1925 966 1965 555

109 1987 178 2038 aeris
197 1985 264 2039 haut
283 1991 397 2054 possunt
415 1992 611 2055 postmortem
630 1989 718 2043 eiecta
736 1989 840 2043 moveri

110 2065 256 2129 prepterea
274 2063 337 2130 quia
355 2079 408 2114 nou
426 2063 507 2116 simili
526 2065 632 2118 55515555
651 2069 786 2119 tenentur.

110 2155 207 2206 corpus
224 2138 296 2191 euim
314 2143 397 2207 atquc
415 2141 535 2193 5551555555
554 2141 607 2194 crit
625 2159 679 2208 aer,
699 2141 720 2195 si
737 2141 866 2196 cohibere

111 2231 170 2267 sese
189 2214 278 2268 anina
295 2218 379 2282 atquc
397 2217 424 2269 in
444 2233 476 2269 eo
493 2218 595 2285 poterit
613 2217 774 2270 concludere
793 2225 883 2272 motus

110 2307 178 2360 quos
196 2295 260 2345 55555
278 2292 305 2344 in
324 2294 413 2346 nervis
431 2298 460 2346 55
478 2293 505 2346 in
524 2294 581 2363 ipso
599 2311 712 2361 corpore
731 2293 838 2361 agebat.
929 2312 965 2350 555

111 2385 196 2436 quare
214 2369 296 2421 ctiam
314 2373 398 2437 atquc
415 2371 498 2423 etiam
517 2370 636 2422 resoluto
654 2371 775 2437 corporis
792 2371 866 2424 omui

111 2445 231 2512 tegmine
250 2451 279 2498 55
298 2445 392 2498 eiectis
411 2450 491 2500 extra
508 2445 637 2498 vitalibus
655 2446 729 2498 auris

111 2522 223 2574 dissolui
242 2538 336 2575 sensus
355 2522 437 2574 animi
455 2523 558 2575 fateare
577 2525 714 2574 necessest

110 2602 193 2666 atque
211 2599 335 2662 eitimam,
352 2598 481 2666 quoniam
499 2599 667 2651 coniunctast
685 2614 767 2651 eausa
785 2597 897 2652 duobus.

145 2675 269 2743 Denique
287 2691 348 2727 cum
366 2690 463 2742 corpus
481 2677 601 2740 nequeat
618 2673 740 2741 perferre
758 2675 857 2728 animai
927 2691 964 2730 sse

110 2750 254 2804 discidium
273 2750 337 2818 quin
356 2750 383 2802 in
401 2752 491 2802 taetro
509 2748 634 2801 tabescat
651 2750 743 2817 odore,

109 2826 176 2894 quid
195 2826 304 2879 dubitas
322 2825 388 2893 quin
406 2841 441 2878 ex
458 2824 513 2876 imo
531 2824 696 2892 penitusque
714 2830 808 2880 coortu

110 2902 242 2955 emanarit
260 2903 303 2954 uti
320 2902 410 2953 sumus
429 2899 526 2952 diffusa
543 2900 648 2954 anirnac
667 2902 714 2968 vis,

109 2981 192 3045 atque
210 2977 272 3030 ideo
290 2981 368 3030 tanta
385 2979 521 3030 mutatum
539 2980 620 3042 putre
639 2978 717 3031 ruina

109 3052 257 3105 conciderit
275 3069 379 3120 corpus,
398 3053 506 3120 penitus
525 3053 589 3120 quia
606 3059 680 3108 mota
698 3055 756 3108 1555
775 3059 840 3109 sunt
929 3071 965 3109 555

108 3126 292 3192 fundamenta,
310 3128 382 3180 feras
400 3128 490 3180 anima
508 3134 652 3182 enmnaute
670 3147 720 3199 per
739 3135 815 3184 artus

108 3219 211 3272 perque
229 3203 333 3256 viarum
351 3204 437 3258 omnis
456 3204 549 3270 flexus,
567 3205 595 3257 in
613 3221 725 3276 corpore
744 3206 791 3276 qui
809 3211 881 3276 sunt,
