2252 3530
20 825 113 897 ,w

878 39 885 51 0
924 39 929 46 ι

706 71 715 98 ε
758 60 844 82 §bil-¹
892 91 896 98 Ι
981 64 987 74 ι

1 82 52 202 ιζ
83 121 163 216 ιλ
194 141 235 190 w
493 156 527 213 n
910 180 933 212 .,

95 261 221 330 effugisse
238 261 334 316 volunt
351 261 431 329 longe
447 260 581 328 longeque
598 276 727 327 remesse,
789 283 793 294 ι

94 339 224 406 sanguine
242 337 314 391 civili
332 353 390 390 rem
409 336 529 389 conflant
546 335 710 404 divitiasque
921 351 948 390 ιο

94 414 288 482 conduplicant
306 412 385 478 avidi,
405 411 517 466 caedem
530 411 615 466 caede
632 411 852 478 accumulantes;

94 490 220 544 crudeles
237 490 359 558 gaudent
376 489 403 542 in
422 488 495 543 tristi
513 489 609 542 funere
626 489 719 542 fratris

73 570 123 621 =ct
141 566 370 633 consanguineum
388 582 495 619 mensas
513 564 597 618 odero
614 565 775 634 timentque.

94 642 227 697 consimili
245 642 351 696 ratione
367 641 403 695 ab
421 641 518 695 eodem
536 658 619 710 saepe
636 642 735 696 timore

154 723 215 773 erat
233 718 341 771 invidia.
360 722 424 771 ante
442 718 533 770 oculos
551 718 626 770 illum
646 734 705 772 esse
723 723 872 789 potentem,
921 731 946 773 π

93 735 170 884 ffiq
188 795 331 864 aspecturi,
349 794 423 849 claro
440 793 487 862 qui
504 793 609 847 incedit
627 794 736 863 honore,

94 872 145 942 1psi
165 889 194 926 se
211 873 240 924 in
257 871 379 924 tenebris
397 869 468 923 volvi
486 887 625 938 caenoque
643 876 803 939 queruntur.

94 949 237 1002 intereunt
254 950 353 1016 partim
374 950 526 1000 statuarum
545 950 574 999 et
592 947 708 1000 nominis
726 964 798 1015 crgo.

30 1051 44 1090 ι,
93 1028 122 1078 et
140 1041 222 1094 saepe
240 1040 327 1092 usque
346 1022 423 1088 adeo,
440 1023 537 1075 mortis
555 1022 708 1091 formidine,
728 1025 800 1078 vitae

93 1101 212 1170 percipit
230 1099 362 1152 humanos
380 1097 473 1152 odium
492 1097 613 1167 lucisque
631 1099 771 1164 videndae,
920 1116 946 1154 oo

94 1181 126 1231 ut
144 1177 196 1230 sibi
215 1176 385 1230 consciscant
401 1174 534 1228 maerenti
553 1178 665 1243 pectore
684 1174 770 1228 letum

94 1252 174 1306 obliti
192 1254 296 1306 fontem
315 1267 441 1305 sumnum
460 1250 530 1303 hunc
549 1267 609 1304 esse
627 1251 761 1318 timorem,
1043 1288 1046 1296 .

86 1329 164 1384 Jiunc
79 1345 313 1476 mmm
299 1327 441 1397 pudorem,
459 1326 531 1380 hunc
549 1327 656 1380 v'ncula
674 1327 803 1380 amicitiai
977 1307 1041 1380 ‚⁸

331 1419 437 1456 summa
453 1403 586 1472 pietatem
604 1406 728 1470 evemre
744 1403 836 1457 fundo.
1026 1317 1114 1488 “Y

92 1497 155 1535 nam
172 1481 226 1534 iam
241 1497 322 1548 saepe
336 1478 460 1532 homines
479 1479 596 1547 patn'am
614 1495 745 1548 carosque
762 1483 885 1549 parentis
919 1500 944 1538 cs
977 1392 1049 1568 t?

93 1557 283 1627 prodiderunt,
301 1557 389 1609 vitare
408 1556 562 1609 Acherusia
579 1555 682 1624 templa
699 1561 833 1624 petentes.
984 1549 1044 1653 b·

92 1650 155 1686 nam
173 1633 258 1686 veluti
275 1632 355 1702 pueri
373 1631 514 1701 trepidant
532 1634 617 1700 atque
635 1632 726 1685 omnia
743 1632 832 1686 caecis

92 1710 120 1763 in
139 1709 260 1764 tenebris
278 1711 413 1776 metuunt,
434 1707 473 1761 sic
491 1725 541 1761 nos
559 1707 586 1760 in
606 1708 666 1762 luce
683 1709 812 1762 timemus
987 1683 1074 1754 Ῑ

92 1785 239 1851 interdum,
257 1783 312 1838 nilo
330 1800 400 1853 quoe
418 1788 482 1838 sunt
499 1785 646 1838 metuenda
664 1787 750 1852 magis
769 1802 851 1854 quam
957 1759 1083 1842 ,Η

93 1879 163 1931 quae
181 1863 258 1930 pueri
275 1861 303 1913 in
321 1860 443 1914 tenebris
461 1861 585 1929 pavitant
603 1861 763 1928 finguntque
781 1863 881 1916 sutum.
919 1880 944 1918 ao
978 1861 1025 1964 ξ]

1083 1751 1095 1778 ἃ

1084 1903 1114 1950 o

1080 2019 1112 2098 6¹

1034 1751 1064 1794 a?

93 1938 164 1991 hunc
183 1938 268 2005 igitur
285 1940 419 1990 terrorem
438 1937 522 1989 animi
539 1935 723 2005 tenebrasque
741 1942 880 1993 necessest
987 1927 1020 1993 Ι
1027 1863 1093 2044 ί

92 2031 147 2067 ιιοιι
164 2013 235 2066 radii
254 2013 317 2065 solis
334 2028 425 2080 neque
443 2012 533 2064 lucida
550 2013 606 2065 tola
624 2012 678 2065 diei
959 2029 1004 2078 ,a

92 2089 249 2154 discutiant,
268 2089 318 2142 sed
336 2092 450 2143 naturae
469 2088 573 2156 species
591 2089 722 2157 ratioque.

128 2165 249 2218 Primum
261 2165 381 2218 animum
393 2164 462 2232 dico,
476 2168 595 2217 mentem
612 2181 694 2232 quain
711 2181 791 2232 saepo
807 2183 941 2236 vocamus,

91 2242 120 2295 in
139 2258 192 2310 quo
210 2241 350 2294 consilium
368 2241 441 2294 vitae
459 2241 635 2308 regimenque
654 2240 806 2294 locatum
791 2247 840 2309 est,
917 2253 942 2299 st

92 2334 152 2372 esse
170 2317 286 2371 hominis
303 2320 409 2386 pentem
423 2317 477 2370 nilo
495 2317 583 2370 minus
601 2333 632 2369 ac
650 2333 745 2382 manus
764 2321 793 2370 ct
810 2335 860 2388 pes

91 2412 107 2448 a
139 2412 174 2449 uo
192 2393 897 2614 οιιιιΙθιίᾧιῖοὼόιέιιιιιίιῐιιιέιὶέιίιιεῶῖῖὼ.Δῖ
908 2416 1093 2527 ὠ

91 2564 201 2601 sensum
253 2564 300 2599 mn
318 2551 394 2600 certo
412 2562 465 2598 non
483 2561 543 2599 esse
560 2563 588 2598 111
606 2549 685 2614 parte
703 2545 821 2600 locatum

92 2641 186 2678 verum
203 2623 328 2677 habitum
346 2622 483 2691 quendam
501 2622 611 2674 vitalem
630 2621 751 2689 conponis
769 2637 837 2690 esso,

91 2701 258 2754 harmoniam
278 2699 344 2753 Grai
363 2713 444 2766 quam
463 2696 566 2764 dicunt,
584 2697 658 2764 quod
675 2697 757 2751 iaciat
773 2715 824 2752 nos
905 2714 941 2752 100

90 2777 182 2830 vivere
200 2793 262 2829 cum
280 2791 366 2837 sensu
384 2772 458 2826 nulla
476 2789 537 2826 cum
554 2772 583 2824 in
601 2776 680 2838 parte
698 2773 751 2827 sict
767 2791 861 2860 mens;
983 2825 988 2838 ,
1011 2743 1057 2862 ἱ·

90 2857 123 2906 ut
139 2853 211 2906 bona
229 2869 311 2921 saepe
328 2848 456 2904 ualetudo
475 2865 536 2902 cum
555 2849 656 2902 dicitur
674 2866 734 2904 esso

90 2929 217 2999 corporis,
237 2933 267 2982 et
283 2945 336 2982 non
355 2931 397 2981 est
415 2931 507 2980 tamen
526 2926 592 2979 haec
610 2941 674 2995 pars
691 2927 747 2980 ulla
764 2927 887 2982 valentis.
979 2935 1024 2980 ¹
1065 2925 1124 3020 :J

90 3006 129 3059 sic
146 3006 228 3058 animi
247 3021 355 3058 sensum
371 3021 426 3056 non
443 3007 519 3056 certa
536 3005 615 3072 parte
632 3008 783 3071 reponunt;
983 2953 1071 3032 ’ἱ
1066 3045 1090 3082 ι.

91 3097 189 3147 magno
207 3081 332 3146 operein
351 3079 459 3148 quemi
477 3078 578 3132 diversi
596 3094 688 3131 errare
706 3079 842 3134 videntur
903 3096 939 3134 105
977 3091 983 3108 ¹
1012 3117 1019 3132 .
1083 3116 1087 3128 .

91 3173 173 3225 saepe
189 3156 311 3223 itaque,'
304 3173 332 3208 in
348 3159 478 3225 promptu
489 3170 588 3223 corpus
604 3154 677 3222 quod
693 3155 821 3222 cernitur,
836 3160 938 3224 aogret,

90 3249 153 3287 cum
170 3236 263 3285 tamen
280 3247 314 3282 ex
333 3231 385 3283 alia
402 3230 536 3284 laetamur
553 3234 633 3298 parte
651 3228 747 3286 latenti
756 3249 763 3294 ;

242 3331 247 3338 ·
312 3313 361 3368 ‘zo
430 3321 501 3362 ..·
566 3303 632 3370 -λι
652 3313 704 3366 -ca
829 3309 917 3366 κη’·
950 3288 1032 3358 Μ

376 3425 440 3477 ,2⁸⁴1
487 3383 684 3489 ’λὶῦἣ
801 3379 1033 3456 Qud-''⁴¹“

1060 3451 1123 3527 h
