2234 3526
112 225 209 280 crescit
223 222 308 277 barba
319 221 422 292 pilique
434 217 586 288 peremnia
598 216 728 283 membra,
740 229 791 282 per
802 215 882 267 artus.
926 227 962 265 555
996 221 998 226 ·

113 302 218 356 diditur
235 300 263 353 in
281 316 362 353 venas
379 297 456 350 cibus
474 294 567 360 omnis,
586 296 669 360 auget
687 291 790 359 alitque

106 379 232 447 ¹corporis
251 380 387 430 extremas
405 389 518 443 quoque·
529 371 615 440 partis
633 368 852 436 unguiculosque.

113 457 196 523 frigus
213 455 279 508 item
297 452 413 505 transire
430 465 479 519 per
497 465 543 502 aes
561 445 733 513 calidumque
751 460 877 512 vaporem

114 531 252 595 sentimus,
272 529 403 582 sentimus
421 525 488 578 item
506 524 623 578 transire
641 539 690 590 per
708 536 804 574 aurum

114 612 196 676 atque
214 624 263 675 per
281 608 432 672 argentum,
449 617 511 655 eum
528 599 625 669 pocula
642 598 723 667 plena
740 601 873 650 tenemus.
929 608 965 646 555

114 683 232 752 denique
250 699 300 750 per
317 681 455 750 dissaepta
474 677 615 731 domorum
634 691 716 728 saxea
733 689 814 728 voces

114 760 287 828 pervolitant,
304 759 447 826 permanat
464 754 533 807 odor
549 753 690 820 frigusque
707 765 843 818 vaposque

114 836 191 903 ignis,
210 836 256 903 qui
274 834 340 888 ferri
359 849 466 901 quoque
484 831 538 884 vim
556 832 702 898 penetrare
720 827 809 880 suevit

115 911 232 980 deniquo
250 928 304 980 qua
321 911 423 964 circum
443 907 515 963 Galli
532 906 617 960 lorica
634 905 750 958 coercet.

71 1012 103 1044 555
114 992 144 1042 55
161 992 340 1058 tempestates
358 991 433 1040 terra
451 985 579 1052 caeloque
598 984 707 1036 coortae
929 991 966 1030 555

113 1065 142 1118 in
160 1064 262 1118 eaelum
281 1061 425 1131 terrasque
443 1064 564 1115 remotae
581 1059 642 1111 iura
658 1057 804 1122 facessunt,

71 1162 103 1194 555
115 1141 239 1194 morbida
256 1142 349 1209 visque
368 1139 455 1205 simul,
472 1155 534 1191 cum
553 1135 722 1189 extrinsecus
738 1133 907 1196 insinuatur;

71 1241 103 1273 555
115 1216 334 1286 quandoquidem
353 1216 389 1268 nil
409 1218 451 1268 est
462 1213 520 1267 nisi
537 1228 600 1266 raro
618 1209 730 1279 corpori’
750 1225 828 1262 nexu.

151 1294 214 1348 Hu'c
232 1293 339 1346 accedit
356 1293 397 1345 uti
415 1307 468 1344 555
486 1289 582 1356 omnia,
601 1304 671 1356 quae
689 1286 824 1339 iaciuntur

116 1387 228 1438 corpora
245 1386 361 1437 eumque
379 1368 414 1421 ab
431 1366 521 1435 rebus,
539 1365 642 1419 eodem·
651 1363 778 1432 praedita
796 1379 876 1415 sensu
930 1375 967 1414 555

115 1452 198 1515 atque
216 1447 313 1500 eodem
330 1449 412 1515 paeto
429 1444 511 1498 rebus
529 1445 585 1497 sint
603 1440 726 1494 omnibus
744 1442 816 1508 apta

116 1523 247 1592 principio
264 1526 366 1576 terram
385 1522 424 1575 sol
442 1520 569 1588 excoquit
587 1521 616 1572 et
634 1517 771 1583 iaciture,

117 1603 146 1653 at
162 1599 276 1668 glaciem
294 1598 419 1652 dissolvit
437 1601 466 1651 55
484 1596 546 1649 altis
564 1593 702 1648 montibus
719 1593 789 1646 altas

117 1678 310 1742 extructasque
328 1675 404 1728 uires
422 1672 505 1727 radiis
524 1672 665 1724 tabescere
682 1669 761 1737 cogit.

117 1752 236 1820 denique
254 1768 316 1805 cera
333 1751 439 1819 liquefit
456 1749 484 1802 in
503 1749 560 1802 eius
578 1750 656 1816 posta
674 1763 779 1814 vapore.
931 1758 967 1798 555

117 1828 187 1894 ignis
204 1829 271 1880 item
289 1827 422 1894 liquidum
440 1826 507 1879 facit
525 1841 571 1877 aes
589 1839 739 1891 aurumque
756 1821 875 1889 resolvit,

117 1908 147 1957 at
164 1903 237 1956 coria
255 1907 284 1957 ct
301 1919 410 1956 carnem
427 1901 514 1955 trahit
532 1905 561 1954 et
579 1900 704 1953 conducit
722 1900 857 1953 inimum.

117 1996 195 2032 umor
212 1996 299 2048 aquae
316 1995 398 2046 porro
415 1978 519 2031 ferrum
537 1977 670 2030 condurat
687 1976 722 2028 ab
739 1975 804 2044 igni,

117 2059 147 2109 at
164 2055 238 2108 coria
255 2060 285 2109 et
302 2071 411 2108 carnem
428 2052 517 2106 mollit
535 2053 635 2106 durata
652 2051 748 2106 calore.

117 2131 276 2199 barbigeras
294 2130 412 2185 oleaster
429 2146 462 2184 eo
480 2130 661 2197 iuratusque
679 2129 803 2198 capellae,
933 2143 970 2184 555

118 2209 212 2262 effluat
228 2208 379 2261 ambrosiae
397 2207 474 2275 quasi
492 2223 557 2259 vere
575 2209 603 2260 et
621 2207 731 2259 nectari’
750 2206 865 2272 linctus;

118 2303 172 2353 qua
188 2285 224 2338 nil
244 2288 287 2338 est
305 2284 405 2336 homini
425 2282 499 2349 quod
517 2282 628 2335 amariu'
645 2281 772 2336 frondeat
789 2299 858 2337 5555.

119 2362 234 2430 denique
252 2361 435 2414 amaracinum
452 2358 554 2426 fugitat
571 2375 617 2412 sus
634 2362 664 2413 55
681 2358 760 2412 timet
778 2375 857 2412 omne

119 2441 282 2505 ungentum3
300 2453 361 2490 nam
380 2435 521 2502 saetigeris
540 2435 622 2488 subus
640 2451 702 2488 acre
719 2438 887 2503 venenumst‚

119 2513 193 2582 quod
210 2530 259 2565 nos
277 2512 415 2566 interdum
434 2516 574 2580 tamquam
591 2527 716 2566 recreare
733 2511 850 2566 videtur.
899 2505 901 2514 ‘
934 2525 970 2566 555

118 2596 148 2644 55
165 2588 356 2654 contranobis
374 2604 485 2641 caenum
504 2587 663 2640 taeterrima
680 2604 742 2641 eum
761 2588 798 2641 sit

119 2665 271 2734 spurcities,
290 2663 387 2719 eadem
405 2664 488 2717 subus
505 2663 572 2716 haec
590 2663 708 2717 iucunda
725 2662 842 2732 videtur,

118 2741 308 2795 insatiabiliter
326 2740 379 2794 toti
396 2746 428 2794 ut
445 2739 588 2793 volvantur
604 2738 717 2793 ibidem.

154 2817 215 2870 Hoc
232 2819 314 2871 etiam
332 2819 463 2884 superest,
481 2816 540 2884 ipsa
557 2832 639 2884 quam
657 2815 747 2870 dicere
765 2815 801 2870 de
818 2833 849 2870 re

118 2893 267 2959 adgredior
285 2892 359 2961 quod
377 2891 520 2945 dicendum
539 2891 615 2959 prius
633 2908 692 2945 esse
710 2891 828 2946 videtin.
936 2907 973 2946 555

120 2968 206 3020 multa
222 2968 355 3021 foramina
372 2984 433 3020 cum
452 2969 532 3021 variis
551 2968 604 3020 sint
622 2968 733 3022 reddita
750 2969 839 3032 rebus,

121 3042 245 3095 dissimili
262 3044 336 3096 inter
354 3059 384 3097 55
401 3047 500 3098 natura
518 3044 643 3112 praedita
661 3045 764 3098 debent

121 3135 181 3171 esse
199 3121 227 3170 ct
244 3119 346 3173 babere
365 3136 440 3173 suam
458 3124 583 3174 naturam
601 3138 725 3190 quaeque
743 3123 862 3192 viasque.

32 3242 47 3253 .
121 3194 221 3262 quippe
240 3195 341 3247 etenim
359 3196 427 3249 varii
446 3212 540 3252 sensus
557 3198 739 3260 animantibus
756 3199 856 3265 insunt,
