2234 3526
137 103 193 161 160
545 97 594 154 VI

134 223 189 276 quo
206 204 293 271 magis
310 206 434 257 errantes
453 219 534 256 caeca
551 205 656 256 rationo
673 202 765 256 ferunt
800 244 806 256 .

135 298 206 351 quae
223 280 274 333 nisi
292 280 397 348 respuis
415 296 449 332 ex
468 279 557 332 auimo
575 279 708 346 longeque
725 278 847 332 remittis

134 359 177 411 dis
194 356 306 423 indigna
323 359 421 424 putare
438 355 580 423 alienaque
597 356 671 422 pasis
689 371 790 421 eorum,

134 434 255 488 delibata
273 433 355 485 deum
373 449 422 501 per
439 435 468 486 te
486 431 538 485 tibi
556 431 668 484 numina
685 435 780 485 sancta

134 527 215 578 saepe
233 508 365 573 oberunt3
383 525 436 561 non
454 525 508 578 quo
526 508 620 561 violari
638 525 744 561 summe
762 508 844 562 deum
863 508 904 561 vis

134 586 229 656 possit,
247 590 280 639 ut
297 602 331 638 ex
349 585 390 638 ira
407 601 508 654 poenas
526 589 622 652 petere
639 584 745 638 inbibat
762 585 839 652 aeris,

134 662 185 716 sed
202 662 266 731 quia
284 665 345 715 tute
363 661 414 714 tibi
432 661 540 730 placida
557 677 618 715 eum
636 677 703 729 paee
721 661 829 729 quietos

134 739 284 792 const'tues
302 755 413 806 nragnos
431 738 533 790 irarum
551 737 659 790 volvere
677 737 783 804 fluetus,

133 831 184 868 neo
202 814 316 868 delubra
333 814 416 867 deum
433 813 541 884 plaeido
559 829 621 866 eum
638 817 750 882 pectore
767 813 863 881 adibis,

134 908 183 944 neo
202 891 237 944 de
255 907 368 959 corpore
385 907 454 958 quae
473 893 566 943 saneto
585 889 729 943 simulacra
745 891 872 944 feruntur

132 967 161 1020 in
180 970 285 1020 mentes
304 967 444 1020 hominum
463 966 569 1020 divinae
587 966 682 1018 nuntia
698 966 810 1032 formae,

133 1045 272 1112 suscipere
291 1043 357 1096 haee
376 1043 458 1095 animi
476 1042 621 1111 tranquilla
638 1059 705 1110 paee
723 1042 833 1096 valebis.

133 1120 198 1172 irnle
216 1118 311 1172 villere
328 1119 393 1172 lieet
410 1119 497 1186 qualis
515 1119 569 1172 iam
587 1119 644 1172 vita
662 1123 798 1186 sequatur.

133 1213 215 1264 quarn
233 1195 344 1263 quidem
362 1199 393 1249 ut
411 1212 428 1248 a
445 1195 522 1249 nobis
539 1195 610 1249 ratio
628 1195 769 1248 verissima
786 1195 865 1264 longe

132 1273 235 1340 reiciat,
253 1289 418 1341 quamquam
436 1276 498 1326 sunt
516 1289 532 1326 a
549 1289 593 1326 me
611 1271 697 1325 multa
714 1271 844 1341 profecta

134 1348 219 1401 multa
238 1353 328 1402 tamen
347 1352 453 1402 restant
470 1352 499 1402 et
517 1353 581 1402 sunt
598 1348 719 1402 ornanda
736 1348 828 1418 politis

134 1424 271 1489 versibus;
290 1429 332 1478 est
350 1425 421 1478 ratio
439 1425 506 1478 caeli
524 1425 680 1492 speciesque
698 1425 825 1492 tenenda,

132 1504 197 1554 sunt
215 1505 393 1569 tempestates
411 1505 440 1555 et
457 1501 570 1554 fulmina
588 1501 660 1554 clara
678 1502 805 1569 canenda„

132 1576 199 1644 quid
217 1577 318 1631 faciant
336 1580 364 1630 et
382 1593 435 1644 qua
453 1576 488 1630 de
505 1593 586 1630 eausa
603 1594 719 1646 eumque
737 1577 873 1641 ferantur3

131 1670 167 1705 ne
184 1653 307 1722 trepides
325 1653 393 1708 caeli
411 1654 503 1706 divisis
521 1653 645 1722 partibus
663 1671 763 1721 amens,

132 1729 205 1782 unde
222 1729 316 1783 volans
335 1730 405 1798 ignis
422 1730 577 1798 pervenerit
595 1731 687 1783 autin
705 1733 796 1784 utram
815 1747 844 1784 se

133 1806 248 1859 verterit
267 1806 328 1859 hinc
346 1807 455 1874 partim,
475 1823 528 1874 quo
547 1811 628 1874 pacto
646 1823 696 1874 per
714 1807 773 1860 loca
791 1810 889 1876 saepta

132 1881 282 1948 insinuarit,
299 1885 329 1934 et
346 1881 408 1933 hine
426 1881 580 1935 dominatus
598 1886 629 1935 ut
647 1882 777 1936 extulerit
794 1899 832 1936 se.

132 1980 234 2017 QUORUM
245 1981 343 2012 erenum
353 1981 444 2013 CAUSAS
453 1981 534 2013 NULLA
546 1982 650 2014 ufflon'n
660 1982 751 2014 vinnan

133 2049 235 2080 l'OSSUNT
245 2049 275 2080 Ac
286 2049 352 2080 FIERI
363 2049 449 2081 DIVINO
459 2049 555 2082 numne
567 2051 668 2082 BENTUR

132 2115 164 2165 tu
182 2111 248 2164 mihi
267 2128 410 2181 supremae
428 2113 596 2180 praescribta
614 2113 650 2166 acl
668 2113 784 2166 eandida
801 2113 882 2168 caleis

131 2188 252 2242 currenti
270 2188 389 2257 spatium
407 2193 603 2258 praemonstra,
620 2189 718 2243 callida
736 2207 813 2243 musa

133 2265 261 2334 (lalliope,
279 2266 388 2334 requies
407 2265 547 2319 homiuum
566 2267 711 2334 divomque
729 2267 861 2335 voluptas,

131 2345 161 2394 te
180 2342 249 2396 duee
267 2346 299 2395 ut
316 2343 415 2411 insigni
434 2344 540 2413 capiam
558 2360 619 2396 eum
637 2342 719 2396 laude
737 2353 898 2396 eoronamr
975 2358 984 2367 ·

170 2419 305 2487 Principio
322 2420 427 2474 tonitru
445 2420 605 2487 quatiuntur
622 2420 730 2473 caerula
747 2420 815 2473 caeli

131 2499 279 2563 propterea
296 2497 359 2564 quia
377 2501 541 2550 concurrunt
559 2496 673 2549 sublime
691 2496 813 2549 volantes

131 2571 270 2625 aetheriae
286 2573 373 2626 nubes
391 2578 485 2627 eontra
502 2571 678 2644 pugnantibu'
696 2572 793 2625 ventis

132 2664 182 2700 nee
200 2648 233 2702 fit
251 2649 322 2702 enim
341 2650 444 2703 sonitus
462 2651 529 2704 caeli
548 2650 583 2703 de
601 2651 680 2719 parte
698 2664 800 2712 serena,

132 2740 227 2778 verum
239 2726 401 2795 ubicumque
413 2728 499 2796 magis
512 2725 596 2781 denso
610 2729 673 2779 sunt
685 2725 791 2793 agmine
803 2722 896 2788 nubes,
948 2735 986 2774 roo

132 2804 189 2854 tam
208 2803 293 2870 magis
311 2803 374 2857 hine
391 2821 489 2871 magno
508 2803 634 2856 fremitus
652 2802 685 2854 fit
702 2816 842 2853 murmure
860 2814 949 2867 saepe.

132 2881 276 2945 praeterea
294 2900 383 2952 neque
401 2884 458 2934 taur
477 2882 613 2935 condenso
632 2895 746 2949 corpore
764 2875 849 2929 nubes

131 2971 192 3007 esse
211 2963 314 3023 queunt
333 2978 414 3028 quam
433 2959 620 3028 suntlapides
638 2975 668 3011 ae
686 2958 770 3024 tigna,
785 2969 873 3022 neque
889 2953 985 3004 autem

132 3032 188 3082 tam
208 3036 304 3088 tenues
324 3054 404 3104 quam
423 3040 488 3089 sunt
505 3035 620 3088 nebulae
638 3034 760 3102 fumique
777 3030 907 3083 volantes.

132 3121 195 3157 nam
213 3109 312 3163 eadere
330 3117 377 3165 aut
395 3112 477 3165 bruto
496 3110 629 3164 deberent
646 3109 767 3178 pondere
785 3121 897 3176 pressae
947 3119 986 3156 ros

131 3182 164 3232 ut
181 3181 294 3251 lapidee,
313 3193 360 3239 nn
378 3191 410 3240 ut
428 3189 518 3239 fumus
536 3190 661 3239 constare
678 3186 824 3254 nequirent
