2234 3526
119 267 173 321 que
191 251 279 303 minus
296 252 340 303 est
357 249 456 302 mirum
475 249 498 301 si
517 251 593 301 certo
611 249 817 316 temporeluna

117 327 240 396 gignitur
258 330 287 380 05
305 328 381 379 certo
400 324 510 378 deletur
527 328 651 392 tempore
669 342 757 393 rusus,

118 421 180 456 cum
198 402 256 455 fieri
276 401 380 470 possint
398 405 454 454 tam
472 403 547 453 certo
566 403 689 468 tempore
707 402 801 455 multa.
937 415 977 456 750

154 478 223 533 Solis
240 479 308 531 item
326 494 434 546 000000
453 477 577 530 (10100500
595 477 731 544 10000000
749 478 868 532 latebras

118 554 241 623 pluribus
259 571 275 608 0
293 554 380 607 causis
399 553 458 606 lieri
477 552 527 606 tibi
545 569 624 621 posse
642 554 829 622 putandumst.

118 647 181 684 nam
200 648 249 684 eur
266 630 330 682 luna
347 633 431 698 queat
448 633 551 682 terram
570 628 710 684 secludere
729 631 793 684 solis

117 707 218 759 lumine
237 710 265 760 et
283 705 399 759 050010
417 705 502 758 altram
520 708 602 773 caput
620 705 763 760 obstruere
781 707 814 774 ei,

118 783 239 836 obiciens
257 799 368 836 caecum
386 781 470 834 radiis
488 781 649 836 ardentibus
667 783 777 849 erbem3
936 797 973 836 755

119 863 243 926 tempore
261 857 357 911 eodem
376 856 444 910 aliut
461 857 551 911 faeere
563 858 593 911 id
609 875 663 912 non
681 875 761 928 posse
779 862 894 928 putetur

118 950 215 1004 corpus
233 934 308 1004 quod
325 951 430 987 cassum
448 933 557 988 labatur
574 934 676 988 lumine
693 937 817 1004 semperl

119 1010 212 1078 solque
230 1027 293 1064 suos
312 1010 395 1063 etiam
413 1009 553 1064 dimittere
571 1011 717 1078 languidus
736 1011 805 1079 ignis

118 1090 243 1154 tempore
261 1102 309 1139 cur
326 1089 402 1139 certo
419 1092 539 1154 nequeat
556 1103 736 1156 recreareque
754 1088 853 1156 lumen,
963 1142 964 1146 ,

119 1180 179 1216 cum
196 1162 256 1216 loca
273 1161 418 1230 praeteriit
435 1161 552 1215 dammis
570 1163 669 1217 infesta
687 1180 736 1232 per
754 1181 842 1231 auras,
936 1177 975 1218 700

118 1255 188 1307 0000
205 1238 309 1292 faciunt
326 1237 397 1306 ignis
416 1237 590 1306 interstingui
607 1244 691 1308 atque
708 1241 818 1309 perirel

120 1319 148 1369 et
166 1332 215 1368 cur
232 1318 307 1368 terra
325 1318 409 1383 queat
426 1315 518 1368 lunam
537 1315 652 1384 spoliare
671 1315 788 1369 vicissim

118 1393 218 1445 lumine
237 1396 266 1445 05
283 1408 442 1461 oppressum
461 1391 545 1444 solem
564 1409 646 1460 super
662 1393 721 1461 ipsa
738 1396 842 1460 tenere,

121 1472 260 1522 menstrua
279 1469 343 1522 dum
361 1468 463 1536 rigidas
481 1469 540 1521 coni
560 1468 712 1536 perlabitur
729 1469 855 1535 umbras;

120 1547 244 1613 tempore
262 1545 360 1598 eodem
378 1545 446 1599 aliut
464 1549 583 1613 nequeat
601 1560 760 1598 succurrere
778 1545 858 1598 lunae
937 1560 974 1600 005

121 1637 219 1690 corpus
238 1621 280 1674 vel
300 1638 382 1690 supra
401 1621 464 1674 00110
482 1621 616 1687 perlabier·
634 1621 736 1687 orbem,

121 1696 195 1764 quod
213 1697 304 1750 radios
321 1697 504 1765 interrumpat
522 1697 668 1764 lumenque
687 1697 846 1766 profusuml

120 1776 149 1826 et
167 1776 259 1826 tamen
279 1773 338 1841 ipsa
356 1790 404 1826 suo
423 1774 445 1826 si
463 1773 551 1841 fulget
568 1772 633 1826 luna
650 1773 746 1842 nitore,

120 1865 168 1902 cur
185 1852 304 1916 nequeat
321 1853 397 1902 certa
413 1849 509 1902 mundi
525 1849 702 1916 languescere
719 1854 806 1920 parte,

120 1925 185 1976 dum
204 1923 263 1977 1000
281 1924 428 1976 luminibus
446 1925 563 1993 propriis
582 1925 692 1979 inimica
708 1943 758 1994 per
776 1928 850 1981 exiti
935 1941 973 1982 770

156 1999 236 2064 Quod
253 2003 387 2068 superest,
406 2001 532 2067 quoniam
549 2002 641 2070 magni
658 2019 708 2071 per
725 2004 833 2058 caerula
851 2003 945 2056 mundi
969 2035 971 2039 ι

121 2091 176 2144 000
193 2074 253 2130 fieri
272 2075 404 2144 quicquid
421 2081 513 2146 posset
531 2078 636 2131 ratione
655 2080 761 2148 resolvi,

121 2153 183 2206 00110
201 2153 242 2206 uti
261 2151 351 2205 varios
369 2169 464 2206 cursus
482 2153 615 2223 lunaeque
634 2159 740 2209 meatus
858 2219 859 2223 ἵ

120 2245 232 2283 noscero
250 2245 391 2296 possemus
409 2245 480 2298 0000
497 2231 538 2282 vis
557 2234 585 2283 et
604 2247 685 2284 00000
704 2231 798 2298 cieret,
936 2246 973 2290 775

121 2323 210 2375 quove
227 2305 309 2359 modo
323 2313 437 2374 possent
454 2307 551 2360 offecto
570 2307 671 2360 lumine
688 2306 765 2360 obire

121 2387 150 2437 et
168 2399 257 2452 neque
275 2383 411 2452 opinantis
428 2383 551 2436 tenebris
569 2383 706 2437 obducere
724 2387 820 2453 terras,

121 2476 183 2513 cum
201 2460 279 2528 00001
297 2460 423 2512 conivent
441 2462 470 2512 et
487 2463 584 2528 aperto
601 2460 703 2514 lumine
721 2477 828 2514 rursum

121 2536 211 2588 omnia
229 2536 371 2589 convisunt
389 2535 463 2588 clara
479 2535 539 2588 loca
556 2535 673 2589 eandida
690 2536 757 2602 luce,

121 2629 192 2665 nunc
210 2612 293 2664 redeo
311 2611 347 2664 ad
365 2611 459 2664 mundi
476 2611 627 2665 novitatem
646 2617 675 2666 05
692 2613 784 2666 mollia
802 2617 893 2668 50000
935 2629 972 2670 700

121 2705 193 2756 arva,
211 2705 280 2741 novo
297 2689 356 2740 fetu
375 2687 442 2755 quid
459 2687 578 2754 primum
595 2689 623 2741 in
641 2689 749 2743 luminis
767 2706 829 2744 oras

121 2765 220 2820 tollere
237 2768 267 2818 05
284 2763 395 2817 incertis
414 2764 518 2817 crerint
535 2765 707 2818 committere
725 2767 820 2820 ventis,

158 2840 295 2908 Principio
313 2856 399 2908 genus
417 2838 564 2892 herbarum
581 2840 750 2910 viridemque
768 2843 885 2896 nitorem

121 2920 197 2971 terra
214 2916 294 2970 dedit
312 2917 413 2970 circum
431 2915 506 2969 001110
525 2933 688 2985 camposque
706 2935 756 2986 per
774 2919 868 2986 omnis,

122 2992 219 3045 florida
235 2992 370 3046 fulserunt
387 2991 516 3046 viridanti
534 2997 614 3061 prata
632 2993 728 3062 coloro,
936 3008 972 3051 705

122 3067 319 3136 arboribusque
337 3067 459 3121 datumst
476 3069 557 3121 variis
575 3069 675 3123 exinde
692 3087 742 3139 per
760 3087 839 3124 auras

121 3143 261 3196 crescendi
278 3159 406 3212 magnum
423 3144 540 3198 inmissis
558 3149 696 3198 certamen
714 3145 835 3200 habenis.

120 3221 153 3273 ut
170 3217 263 3288 pluma
279 3221 364 3286 atquc
381 3219 430 3289 pili
447 3219 566 3289 primum
584 3225 732 3290 saetaeque
749 3225 877 3277 creantur
