2234 3526
100 127 157 186 124
515 122 547 177 V

95 231 170 299 quod
187 229 282 298 procul
299 245 316 282 a
334 226 412 281 nobis
430 226 524 280 flectat
541 226 651 279 fortuna
668 224 833 292 gemmans,

95 310 124 360 et
141 306 213 360 ratio
231 305 322 374 potius
340 320 421 373 quam
439 319 484 356 res
501 301 667 371 persuadeat
684 301 744 370 ipsa

95 381 236 436 succidere
252 381 392 434 horrisono
410 395 491 448 posse
509 377 598 431 omnia
615 376 688 430 victa
704 377 820 444 fragore.

129 457 202 528 [Qua
219 457 295 524 prius
313 455 459 524 adgrediar
477 471 559 521 quam
577 453 613 506 de
630 469 661 507 re
679 451 794 506 fundere
812 449 870 505 fata
908 461 945 504 uo

95 533 214 588 sanctius
231 537 261 587 et
277 533 363 586 multo
381 534 457 585 certa
473 529 580 584 ratione
597 529 684 597 magis
703 544 786 598 quam

96 609 193 678 Pythia
211 625 280 677 quae
299 605 407 677 tripode
425 624 442 659 a
460 604 563 660 Phoebi
581 605 713 674 lauroque
730 605 863 674 profatur,

95 685 182 739 multa
200 685 252 738 tibi
270 683 414 753 expediam
433 682 520 736 doctis
537 681 636 734 solacia
655 681 750 745 dietis;

95 761 225 828 religione
243 761 398 813 refrenatus
415 776 449 812 ne
467 759 539 812 forte
556 757 642 811 rearis

95 839 184 890 terras
201 840 231 891 et
249 836 332 888 solem
351 838 380 888 et
398 834 510 902 caelum,
529 849 605 886 mare
623 832 714 886 sidera
731 832 831 902 lunam,
909 845 945 885 111

95 929 209 982 corpore
227 911 318 965 divino
337 911 438 964 debere
457 914 569 964 aeterna
586 925 705 977 manere,

96 991 298 1057 proptereaque
316 991 397 1054 putes
415 987 472 1039 ritu
490 1003 540 1056 par
558 1001 618 1038 csse
637 984 786 1052 Gigantum

96 1064 218 1133 pendere
236 1079 282 1116 eos
300 1079 401 1132 poenas
417 1061 519 1115 inmani
536 1078 588 1131 pro
606 1060 709 1114 scelere
727 1061 813 1114 omnis

96 1140 143 1209 qui
161 1140 267 1193 ratione
285 1156 333 1192 sua
351 1137 508 1192 disturbent
525 1137 633 1190 moenia
650 1137 745 1189 mundi

96 1216 320 1284 praeclarumque
338 1214 424 1268 velint
441 1213 508 1266 caeli
526 1213 696 1280 restinguere
715 1213 798 1267 solem
910 1228 946 1268 111

98 1291 250 1345 inmortalia
268 1290 377 1344 mortali
395 1305 520 1343 sermone
537 1291 680 1354 notantes3

97 1385 167 1437 quae
184 1367 279 1438 procul
297 1366 470 1436 usqueadeo
489 1365 578 1419 divino
596 1383 613 1419 a
630 1365 741 1419 numine
759 1366 870 1432 distent,

41 1511 43 1518 Ι
96 1445 179 1512 inque
196 1444 278 1498 deum
296 1460 409 1496 numero
427 1455 496 1510 quae
514 1442 569 1496 sint
586 1441 699 1508 indigna
716 1442 811 1511 videri,

96 1520 222 1574 notitiam
239 1520 330 1589 potius
348 1519 481 1587 praebere
498 1522 529 1572 ut
546 1534 626 1586 pesse
643 1521 777 1586 putentur·

97 1596 163 1663 quid
181 1597 217 1649 sit
234 1595 308 1649 vitali
327 1598 404 1649 motu
421 1610 555 1662 sensuque
574 1597 716 1647 remotum.
910 1609 946 1649 111

97 1673 198 1742 quippe
215 1671 317 1726 etenim
335 1687 388 1724 non
406 1674 456 1738 est,
475 1686 536 1724 curn
555 1669 649 1736 quovis
668 1687 783 1739 corpore
799 1673 832 1725 ut
849 1687 910 1726 esse

97 1764 177 1816 posse
194 1747 277 1801 animi
294 1750 392 1801 natura
409 1748 522 1816 putetur
540 1745 749 1813 consiliumque3

96 1823 167 1878 sicut
183 1823 212 1876 in
229 1823 342 1877 aethere
359 1839 412 1876 non
431 1821 519 1886 arbor,
536 1838 590 1874 non
608 1838 726 1889 aequore
744 1823 814 1876 salso

97 1899 183 1953 nubes
201 1915 260 1952 esse
279 1902 382 1966 queunt
399 1914 489 1966 neque
506 1899 594 1967 pisces
613 1897 704 1950 vivere
723 1897 750 1950 in
768 1900 839 1952 arvis
1017 1963 1024 1972 .

96 1992 146 2028 nec
164 1991 243 2028 cruor
261 1974 289 2027 in
307 1974 388 2042 lignis
405 1991 494 2042 neque
513 1974 585 2028 saxis
603 1990 684 2027 sucus
701 1974 796 2027 inesse.
908 1989 945 2028 111

97 2054 202 2104 certum
221 2067 253 2104 ac
271 2049 461 2119 dispositumst
479 2049 526 2103 ubi
545 2049 668 2118 quicquit
686 2054 791 2104 crescat
808 2054 837 2104 et
854 2049 927 2105 insit.

97 2127 135 2180 111
153 2127 236 2180 animi
254 2129 352 2180 natura
370 2126 465 2194 nequit
483 2126 541 2179 sine
560 2142 673 2194 corpore
691 2126 756 2178 oriri

97 2203 154 2256 sola
170 2219 259 2272 neque
277 2221 294 2256 a
311 2202 401 2255 nervis
419 2205 448 2256 et
466 2202 596 2269 sangiune
614 2201 731 2268 longiter
749 2213 816 2256 esse.

96 2279 211 2348 quodsi
229 2279 333 2349 (posset
351 2278 423 2333 enim
441 2279 527 2332 multe
545 2278 630 2346 prius)
650 2279 709 2347 ipsa
727 2278 808 2331 animi
827 2279 867 2332 vis

95 2357 124 2409 in
142 2356 232 2425 capite
250 2359 299 2410 a'ut
316 2355 418 2409 umeris
436 2358 484 2409 aut
501 2354 562 2408 imis
581 2354 699 2408 calcibus
717 2371 777 2408 1111
907 2371 942 2410 135
987 2389 990 2396 ·

96 2436 188 2501 posset
205 2437 236 2487 et
253 2433 355 2486 innasci
374 2433 469 2501 quavis
486 2431 514 2484 in
532 2434 619 2499 parte,
639 2431 739 2484 soleret
997 2429 1002 2438 '

96 2507 207 2562 tandem
220 2509 248 2562 in
261 2508 357 2562 eodem
369 2508 477 2561 homine
490 2510 573 2574 atque
585 2507 613 2559 in
627 2506 723 2560 eodem
736 2524 799 2560 vase
811 2524 928 2562 manere.

96 2585 170 2651 quod
188 2585 315 2652 queniam
333 2588 426 2638 nostro
445 2600 552 2652 quoque
570 2585 677 2636 constat
693 2598 805 2651 corpore
823 2588 928 2638 certum

97 2661 313 2730 dispositumque
331 2660 440 2714 videtur
456 2659 504 2713 ubi
522 2675 581 2715 esse
598 2661 628 2712 et
646 2675 768 2712 crescere
785 2661 873 2728 possit

97 2753 218 2790 seorsum
227 2737 316 2790 anima
325 2740 408 2802 atque
417 2736 531 2801 animoa,
540 2738 618 2789 tanto
628 2735 715 2802 magis
723 2734 894 2794 infitiandum
911 2751 946 2788 111

97 2815 185 2866 totum
203 2829 283 2883 posse
301 2816 380 2866 extra
397 2828 496 2880 corpus
513 2812 681 2878 formamque
699 2811 843 2864 animalem

97 2887 224 2956 putribus
240 2889 268 2942 in
285 2888 373 2956 glebis
390 2891 527 2941 terrarum
544 2890 592 2940 aut
610 2886 674 2939 solis
692 2886 726 2939 111
742 2886 800 2955 igni

97 2966 145 3016 aut
162 2963 190 3016 in
208 2980 279 3032 aqua
297 2965 397 3018 durare
414 2966 464 3018 aut
480 2963 543 3017 altis
560 2963 680 3016 aetheris
698 2961 760 3016 oris.

96 3036 172 3090 haud
187 3039 273 3106 igitur
291 3043 418 3094 constant
435 3038 527 3092 divino
545 3038 673 3109 praedita
692 3055 780 3106 sensu,

98 3114 318 3182 quandoquidem
335 3117 475 3183 nequeunt
491 3115 613 3168 vitaliter
630 3131 690 3168 esse
707 3115 833 3167 animata.
911 3129 946 3168 111

133 3188 207 3242 Illud
224 3189 291 3243 item
309 3207 363 3244 non
381 3195 425 3245 est
440 3194 473 3244 ut
490 3191 577 3259 possis
595 3191 715 3252 credere,
734 3190 812 3243 sedes
