2234 3526
861 81 874 126 't

137 156 192 213 190
524 143 575 210 'Vt

133 258 279 312 interclusa
297 258 387 312 anima
405 254 487 312 nimia
504 257 539 311 ab
557 257 703 312 dulcedine
720 274 860 327 aquarum,

134 335 273 406 irruiltaque
290 351 340 402 per
358 335 451 404 populi
468 335 570 402 passim
588 335 648 388 loca
665 338 794 404 prompta
811 336 923 404 viasque

134 411 262 480 languida
279 411 428 464 senranimo
446 427 507 463 oum
525 427 639 480 corpore
657 411 781 465 membra
798 412 906 465 videres

135 487 246 542 horrida
264 485 383 556 paedorc
403 489 432 538 et
450 487 547 554 pannis
564 492 693 556 cooperta
710 488 800 555 perire

134 565 255 633 corporis
272 562 379 630 inluvie,
397 561 463 632 pelli
482 579 564 630 super
581 563 687 617 ossibus
704 580 764 630 una,
938 573 986 618 tato

133 639 270 694 ulceribus
287 637 385 690 taetris
403 655 489 706 prope
507 639 561 692 iarn
579 639 706 707 cordique
725 640 839 709 sepulta.
892 694 894 699 ,

134 716 225 769 omnia
242 714 359 782 denique
378 717 476 768 canoto
490 715 571 768 deum
590 715 706 768 delubra
723 716 844 786 replerat

134 789 291 860 corporibus
309 807 383 844 mors
401 791 532 844 exanimis
550 797 716 861 onerataque
735 793 835 861 passim

74 871 75 875 ’
134 871 232 924 cuncta
249 867 428 921 cadaveribus
446 867 596 921 caelestum
614 868 717 936 templa
734 869 854 935 tenebat,

99 943 285 1013 ‚hospitibus
303 943 361 996 loca
378 960 448 1012 quae
466 944 635 1011 complerant
652 943 854 998 aeditueutes.'
938 957 986 999 1275
1077 944 1079 948 ’

134 1037 184 1074 neo
201 1021 256 1073 iarn
273 1019 367 1087 religio
386 1020 477 1073 divom
494 1037 544 1074 nec
561 1021 671 1073 numina
688 1022 779 1088 magni

134 1096 325 1166 pendebantur
343 1097 429 1150 enim:
443 1113 578 1168 ⁸praesens
597 1095 675 1149 dolor
692 1096 881 1171 exsuperabat.

134 1189 184 1227 nco
202 1183 260 1227 mos
276 1173 323 1226 illc
340 1172 496 1240 sepulturae
514 1172 673 1226 remanebat
691 1171 719 1224 in
736 1171 811 1238 urbe,

134 1267 188 1320 quo
205 1250 265 1318 pius
283 1249 327 1302 hic
344 1249 459 1318 populus
476 1265 586 1318 semper
602 1252 745 1303 consueret
761 1249 883 1313 humari;

135 1325 312 1395 perturbatus
330 1325 402 1378 onim
420 1327 495 1378 totus
514 1324 678 1394 trepidabat,
698 1329 727 1379 et
743 1342 814 1378 unus
935 1340 984 1379 neo

134 1402 251 1471 quisque
268 1417 346 1454 sumn
363 1416 413 1470 pro
431 1417 461 1454 re
475 1401 621 1469 praesenti
639 1404 759 1455 maestus
776 1400 915 1455 humabat.

136 1479 277 1547 mulmque
294 1493 340 1531 ros
358 1475 449 1530 subita
466 1480 495 1530 et
512 1480 660 1546 paupertas
678 1476 790 1530 horrida
808 1478 900 1532 suasit.

135 1567 252 1623 namque
271 1571 332 1606 suos
350 1553 561 1620 consanguineos
578 1553 665 1606 aliona
682 1569 810 1620 rogorum

135 1631 247 1699 insuper
264 1631 391 1682 extructa
407 1628 512 1696 ingenti
529 1628 646 1682 clamore
664 1628 789 1682 locabant

137 1706 343 1772 subdebantque
359 1705 438 1770 faces,
457 1703 542 1757 multo
560 1721 620 1758 cum
639 1705 767 1772 sanguine
783 1704 867 1773 ¹saepe
936 1716 985 1759 lzoc

137 1783 257 1837 rixantes
273 1781 365 1852 potius
382 1797 464 1850 quam
481 1797 594 1849 corpora
611 1781 811 1836 desererentur.
