2234 3526
106 140 163 197 128
517 136 547 194 V

104 240 259 294 diminuunt
276 239 414 306 radiisque
432 242 560 292 retexens
579 238 716 292 aetherius
734 238 782 307 sol,

104 317 204 387 partim
223 315 296 383 quod
314 322 408 382 supter
426 331 476 382 por
494 319 584 367 terras
602 313 707 368 diditur
725 314 820 368 omnis.

103 392 259 462 percolatur
277 391 348 444 enim
367 389 440 442 virus
458 393 588 458 retroque
606 393 730 444 remanat

104 468 233 522 materies
250 467 351 519 umoris
369 469 399 519 et
416 465 452 519 ad
470 470 553 534 caput
570 466 693 519 amnibus
711 467 798 520 omnis
921 481 958 524 27⁰

103 543 233 608 convenit,
251 543 315 596 inde
333 557 414 610 super
432 545 521 595 terras
538 542 599 596 fluit
617 542 724 610 agmine
742 542 815 595 dulci

103 635 158 688 qua
175 619 218 672 via
236 621 310 672 secta
328 617 411 671 semel
429 617 532 685 liquido
550 616 622 686 pede
641 616 742 671 detulit
759 617 854 670 undas.

138 697 214 748 Aera
230 710 301 748 nunc
318 694 401 762 igitur
420 693 508 746 dicam
527 693 574 760 qui
592 709 704 761 corpore
722 695 782 746 toto

101 767 336 824 innumerabiliter
353 769 444 838 privas
462 772 586 822 mutatur
604 769 631 822 in
650 768 739 822 boras.

102 863 209 916 semper
222 842 302 910 enim,'
313 844 503 912 quodcumque
515 844 576 898 fluit
588 844 623 898 de
635 844 724 912 rebus,
737 845 858 898 idemne
919 859 956 899 ara

102 923 172 976 aeris
189 923 218 974 in
235 938 362 988 magnum
380 920 470 974 fertur
488 937 578 986 mare;
596 921 642 988 qui
660 921 712 974 nisi
730 924 826 975 contra

103 1013 217 1068 corpora
235 996 370 1050 retribuat
387 996 470 1050 rebus
487 999 648 1064 recreetque
665 996 782 1064 fluentis,

102 1075 191 1128 omnia
207 1074 261 1127 iam
279 1072 398 1126 resoluta
414 1072 505 1126 forent
523 1075 552 1126 et
569 1073 597 1125 in
615 1089 679 1126 aera
696 1089 782 1127 versa.

101 1150 168 1204 baut
185 1151 269 1218 igitur
287 1152 375 1202 cessat
392 1148 466 1216 gigni
485 1148 519 1202 de
538 1149 621 1203 rebus
639 1150 713 1202 etin
731 1165 775 1202 res

102 1224 245 1294 reccidere,
264 1224 377 1278 adsidue
396 1225 522 1292 quoniam
540 1224 625 1278 fluere
642 1225 733 1278 omnia
750 1228 866 1280 constat
916 1242 954 1280 aso

136 1302 240 1370 Largus
258 1301 324 1354 item
342 1300 438 1368 liquidi
457 1301 517 1354 fons
535 1301 650 1366 luminis,
668 1301 805 1356 aetherius
823 1301 871 1370 sol,

100 1378 199 1446 inrigat
216 1377 330 1430 adsidue
348 1376 452 1430 eadum
470 1376 587 1430 candore
605 1377 709 1431 recenti

100 1453 313 1524 suppeditatque
331 1469 400 1506 novo
418 1453 559 1506 confestim
577 1452 678 1506 lumine
696 1454 795 1508 lumen.

99 1546 162 1584 nam
179 1530 297 1600 primum
316 1528 444 1597 quicquid
462 1528 574 1596 fulgoris
592 1528 709 1596 disperit
725 1531 758 1597 ei,

100 1621 269 1675 quocumque
281 1605 386 1659 accidit.
397 1604 426 1657 id
438 1604 502 1657 licet
514 1603 575 1657 hine
589 1620 751 1672 cognoscere
762 1605 858 1674 possis,
914 1621 951 1662 ass

99 1682 172 1749 quod
190 1681 268 1734 simul
286 1697 318 1734 ac
335 1680 452 1749 primurn
471 1680 557 1734 nubes
576 1680 721 1734 succedere
738 1681 788 1734 soli

98 1774 212 1825 coepere
230 1760 259 1810 ct
277 1756 367 1810 radios
385 1757 457 1810 inter
475 1756 552 1823 quasi
570 1772 697 1825 rumpere
716 1757 791 1823 lueis,

98 1833 237 1901 externplo
254 1832 366 1885 inferior
383 1849 447 1901 pars
464 1831 560 1885 horum
580 1832 695 1901 disperit
713 1833 800 1887 omnis

98 1912 227 1977 terraque
245 1908 417 1961 inumbratur
435 1925 489 1976 qua
506 1908 591 1962 nimbi
609 1925 725 1978 cumque
742 1909 883 1976 feruntur3

98 1989 130 2037 ut
147 2000 242 2037 noscas
261 1983 404 2051 splendore
421 2000 490 2037 novo
508 2000 553 2037 res
571 2001 679 2053 semper
697 2001 779 2051 egere
912 2001 949 2041 aso

98 2063 128 2114 et
145 2060 262 2130 primum
280 2059 382 2112 iactum
400 2059 513 2128 fulgoris
531 2077 667 2129 quemque
684 2061 775 2130 perire

98 2153 148 2190 nee
165 2136 271 2189 ratione
289 2135 341 2188 alia
359 2152 404 2190 res
421 2152 501 2204 posse
518 2137 546 2189 in
564 2136 621 2191 sole
639 2137 733 2205 videri,

97 2215 230 2282 perpetuo
247 2211 276 2264 ni
295 2213 453 2280 suppeditet
470 2213 538 2266 lucis
556 2215 640 2281 caput
657 2213 754 2281 ipsum.

97 2289 163 2358 quin
181 2288 264 2343 etiam
282 2291 414 2343 nocturna
431 2287 489 2357 tibi,
507 2288 650 2343 terrestria
668 2293 828 2358 quaesunt,

96 2366 202 2430 bunina
220 2363 373 2434 pendentes
390 2365 479 2434 lychni
497 2365 639 2434 claraeque
657 2366 775 2420 coruscis
910 2381 947 2421 aas
980 2368 983 2372 ’

95 2441 248 2510 fulguribus
267 2441 380 2509 pingues
398 2440 484 2494 multa
502 2441 615 2509 caligine
633 2441 731 2495 taedae

95 2518 226 2571 consimili
243 2519 392 2585 properant
409 2518 522 2584 ratione,
541 2518 638 2571 ardore
656 2516 787 2585 ministro,

95 2593 272 2663 suppeditare
289 2609 387 2645 novom
404 2593 504 2660 lumen,
521 2596 640 2646 tremere
658 2592 767 2660 ignibus
784 2594 895 2660 instant,

95 2670 205 2736 instant,
223 2685 275 2722 nec
292 2668 352 2722 loca
369 2668 420 2722 lux·
433 2669 506 2723 inter
523 2668 601 2736 quasi
618 2673 700 2736 rupta
717 2668 854 2737 relinquit.

94 2762 180 2814 usque
198 2745 267 2798 adeo
285 2748 463 2812 properanter
480 2743 515 2797 ab
533 2744 657 2798 omnibus
674 2743 783 2812 ignibus
800 2745 826 2798 ei
909 2759 946 2800 sao

94 2821 207 2875 exitium
225 2820 307 2874 celeri
324 2819 428 2874 celatur
446 2819 550 2887 origine
568 2819 699 2873 flammae.

95 2898 132 2951 sic
149 2897 235 2965 igitur
253 2896 337 2949 solem
354 2895 446 2949 lunam
464 2896 611 2965 stellasque
628 2895 810 2964 putandumst

94 2990 128 3027 ex
146 2972 199 3026 alio
217 2977 299 3041 atque
317 2972 369 3025 alio
387 2972 475 3026 lucem
493 2973 595 3026 iactare
614 2971 727 3025 subortu

93 3052 123 3102 et
140 3049 259 3117 primum
276 3046 408 3116 quicquid
425 3048 594 3101 flammarum
611 3047 728 3118 perdere
747 3065 870 3118 semper;

92 3122 257 3176 inviolabilia
274 3122 341 3177 haee
358 3139 393 3177 ne
410 3124 507 3177 credas
524 3123 596 3178 forte
614 3123 711 3190 rigere.
907 3143 944 3183 aar

128 3198 252 3266 Denique
269 3214 323 3250 non
340 3198 445 3268 lapides
462 3215 569 3270 quoque
586 3201 657 3254 vinci
674 3200 763 3254 cernis
780 3200 816 3256 ab
834 3219 908 3272 aero,
940 3195 953 3270 J
