2234 3526
531 156 602 212 IIII
936 159 992 215 119

133 277 242 330 semper
259 262 330 316 enim
348 266 445 330 partus
462 261 564 330 duplici
582 262 617 314 dc
636 260 738 314 semine
755 265 870 324 constat,

132 339 216 407 atquc
233 338 288 392 utri
307 337 422 391 similest
441 338 526 405 inagis
543 337 573 391 id
591 337 782 406 quodcumque
800 342 916 406 creatur,
943 355 992 394 1000

132 414 189 466 0100
207 414 290 467 habet
308 414 369 482 plus
387 418 467 482 parte
485 430 586 480 aequa;
605 412 679 481 quod
697 430 808 467 cernere
825 415 921 483 possis,

132 490 189 542 0100
207 491 295 542 virum
314 488 422 543 suboles
439 489 522 542 010001
541 489 682 542 muliebris
700 490 782 557 origo.

169 566 225 618 Nec
243 566 333 618 divina
351 570 441 619 satum
458 566 606 632 genitalem
626 565 735 618 numina
753 565 879 634 cuiqnam

131 642 295 708 absterrent,
314 645 393 708 pater
411 659 427 694 a
445 641 535 708 gnatis
554 659 588 694 nc
607 640 732 694 dulcibus
749 658 879 710 umquam

131 718 284 786 appelletur
302 723 330 771 ct
348 721 379 769 ut
398 717 483 770 sterili
502 718 610 770 Venere
629 717 722 784 exiget
740 734 850 783 aevom;
942 734 990 772 1235

130 793 203 860 quod
220 793 381 862 plerumque
399 796 499 861 putant
518 797 547 847 01
564 793 651 846 multo
670 793 800 860 sanguine
817 795 914 847 maesti

129 878 311 938 conspergunt
331 886 391 922 aras
410 868 575 937 adolentque
593 869 690 922 altaria
709 869 794 935 donis,

128 949 160 998 ut
177 945 304 1012 gravidas
322 945 442 998 reddant
461 962 561 998 uxores
580 946 683 998 semine
700 944 783 1012 largo.

127 1022 291 1091 nequiquam
310 1021 400 1075 divom
419 1039 519 1075 numen
538 1021 675 1090 sortisque
692 1021 815 1089 fatigant.

127 1115 189 1150 nam
207 1097 313 1151 steriles
331 1098 443 1150 nimium
461 1091 551 1152 crasse
571 1103 634 1150 sunt
652 1098 754 1150 semine
771 1098 873 1165 partim
941 1113 990 1155 1010

127 1178 156 1226 01
174 1174 275 1242 liquido
293 1179 404 1243 praeter
421 1174 522 1226 iustum
541 1173 670 1241 tenuique
688 1172 814 1226 uicissim.

127 1255 208 1303 10000
226 1249 290 1303 10010
309 1251 374 1319 quia
392 1267 445 1302 000
463 1250 534 1317 potis
553 1253 596 1302 est
614 1249 735 1316 adfigere
753 1249 910 1317 adhaesum,

125 1326 239 1395 liquitur
257 1327 393 1400 extemplo
412 1330 441 1378 et
459 1329 615 1378 revocatum
633 1324 709 1378 cedit
725 1325 831 1378 abortu.

125 1403 242 1456 crassius
259 1402 301 1455 his
320 1419 401 1470 porro
420 1401 546 1470 quoniam
565 1401 717 1455 concretius
735 1417 821 1469 aequo

125 1479 252 1546 mittitur,
271 1482 319 1532 aut
337 1495 390 1530 non
408 1482 465 1531 tam
483 1479 588 1547 prolixo
605 1476 730 1546 provolat
747 1476 804 1529 ictu
940 1495 986 1532 ran

96 1549 100 1555 ’
124 1558 172 1607 aut
189 1559 336 1624 penetrare
355 1555 427 1608 locos
445 1561 531 1622 aeque
549 1554 643 1620 nequit
661 1556 710 1605 aut
726 1556 900 1619 penetratum

124 1647 206 1699 aegre
224 1631 391 1685 admiscetur
408 1625 543 1683 muliebri
556 1629 776 1682 semineysemen.

124 1724 186 1760 nam
205 1706 320 1761 multum
339 1707 494 1760 harmoniae
514 1705 630 1758 Veneris
648 1704 758 1758 differre
778 1704 912 1760 videntur.

123 1787 207 1852 atquc
224 1784 291 1836 01100
309 1784 353 1855 0111
372 1783 509 1851 conlplcnt
527 1783 612 1849 magis
631 1798 665 1834 en
684 1780 798 1848 aliisque

124 1860 274 1928 succipiunt
292 1860 361 1913 aliae
380 1859 486 1928 pondus
504 1859 591 1926 magis
609 1859 690 1926 inque
709 1862 878 1924 grauescunt.
937 1875 985 1914 1000
1035 1863 1040 1883 ’

124 1940 152 1988 01
170 1936 272 1989 multae
291 1936 398 1990 stcrilcs
419 1935 584 2002 110000000ἰο
604 1939 668 1987 0010
687 1933 801 1987 luerunt

121 2011 245 2079 pluribus
264 2016 292 2065 ct
310 2017 407 2066 nactae
427 2017 488 2080 post
507 2014 572 2064 sunt
590 2016 682 2064 tanuen
701 2009 774 2062 unde
792 2010 897 2078 puellos

123 2088 259 2156 suscipere
277 2093 305 2141 et
324 2094 404 2155 partu
422 2092 533 2155 possent
552 2087 687 2140 ditescere
707 2085 789 2139 dulci.

123 2165 152 2216 et
169 2163 268 2231 quibus
286 2171 350 2217 antc
368 2164 441 2215 domi
459 2163 593 2216 fecundae
612 2179 692 2229 saepo
712 2162 870 2229 nequissent

122 2255 221 2292 uxores
239 2256 343 2308 parcre,
362 2239 499 2292 inventast
516 2239 569 2291 illis
587 2255 696 2306 quoquc
713 2255 823 2306 compar
936 2256 983 2293 0000

123 2318 228 2380 natura,
246 2319 277 2367 ut
295 2319 407 2382 possent
424 2315 515 2380 gnatis
534 2315 640 2366 munire
659 2319 804 2366 senectam.

122 2407 208 2457 usque
226 2391 295 2443 adeo
313 2390 404 2457 nragni
422 2391 514 2456 refert,
535 2394 567 2441 ut
585 2389 687 2440 semina
705 2389 811 2456 possint

123 2467 269 2519 smrinibus
287 2466 455 2520 commisceri
473 2466 633 2533 genitaliter
651 2468 724 2532 apta,

122 2559 248 2596 00000000
266 2543 427 2595 conveniant
445 2542 556 2610 liquidis
575 2545 604 2594 ct
622 2540 726 2607 liquida
744 2540 851 2593 crassis.

123 2622 206 2687 atquc
224 2619 251 2670 in
271 2635 303 2671 co
322 2618 406 2671 refert
425 2635 478 2686 quo
497 2618 571 2671 victu
589 2617 644 2670 0110
663 2617 784 2681 colatur;
933 2631 981 2669 0000

122 2711 238 2762 namque
256 2695 316 2748 aliis
333 2695 414 2748 rebus
432 2697 609 2748 concrescunt
627 2693 730 2746 semina
749 2691 877 2746 membris

122 2775 205 2840 atque
223 2771 282 2824 aliis
301 2775 483 2824 extenvantur
502 2770 652 2837 tabentque
672 2769 794 2822 vicissim.

122 2851 150 2900 ct
168 2846 266 2915 quibus
284 2847 342 2914 ipsa
360 2847 448 2899 modis
466 2850 602 2900 tractetur
620 2845 721 2898 blanda
740 2845 874 2913 voluptas,

120 2923 151 2978 id
169 2939 277 2991 quoque
294 2923 434 2991 permagni
454 2923 555 2986 refert;
573 2939 635 2973 nam
655 2939 730 2974 more
749 2921 868 2973 serarum

122 2998 385 3067 quadrupedumque
403 2999 490 3066 magis
508 2999 563 3051 ritu
581 2998 740 3066 plerumque
759 3000 892 3066 putantur
931 3009 979 3048 1000

122 3075 263 3143 concipere
282 3091 386 3139 000000,
404 3076 468 3143 quia
486 3075 524 3128 sie
542 3075 602 3128 loca
621 3090 728 3127 sumere
746 3076 868 3143 possunt,

122 3151 278 3219 pectoribus
296 3151 399 3219 positis,
419 3151 532 3204 sublatis
551 3151 654 3204 semina
673 3150 780 3204 lumbis.

122 3243 173 3280 ncc
191 3227 285 3280 molles
303 3229 363 3296 opu’
382 3231 446 3282 sunt
463 3231 554 3280 motus
571 3227 701 3280 uxoribus
719 3226 811 3279 hilum.
