2252 3530
110 136 166 192 ios
368 93 370 100 ’
435 121 437 124 ’
502 129 573 186 1111

111 237 133 290 si
153 253 234 299 mare,
253 234 276 288 si
294 237 397 288 terrast
414 233 499 301 cordi,
517 234 539 286 si
559 232 677 301 denique
695 232 815 288 caelum?

109 317 259 367 conventus
277 310 413 364 hominum
434 327 559 380 pompam
579 309 701 363 convivia
718 307 832 379 pugnas,

109 391 197 443 omnia
216 389 267 441 sub
287 387 405 440 verbone
423 392 500 440 creat
518 392 616 439 natura
633 390 785 456 paratquoi
923 402 960 443 rso

109 484 169 520 eum
189 463 351 535 praesertim
371 463 431 517 aliis
448 462 544 515 eadem
562 463 589 515 in
608 465 718 531 regione
736 464 848 532 locoque

109 544 187 612 longe
206 541 343 595 dissimilis
362 541 466 593 animus
484 557 528 593 res
548 541 650 609 cogitet
668 543 763 595 omnis.

109 620 175 688 quid
194 618 329 688 porr·o‚'in
348 633 491 671 numerum
509 619 660 688 procedere
678 635 739 672 cum
758 619 902 673 simulacra

109 697 243 750 cernimus
261 696 287 748 in
308 695 407 749 somnis
426 699 455 746 et
472 695 564 748 mollia
582 697 705 750 membra
723 713 838 762 movero,

109 773 207 840 mollia,
227 772 362 825 mobiliter
380 789 442 847 oum
461 772 573 826 alternis
592 772 719 827 bracchia
737 774 850 826 mittunt
925 787 962 827 ao

99 854 138 902 'et
156 849 280 903 referunt
297 849 382 902 oculis
399 853 506 918 gestum
527 851 597 921 pede
617 851 802 905 convenienti?

109 926 212 980 scilieet
230 929 290 980 nrte
309 926 422 980 madent
440 927 585 981 simulacra
604 933 633 982 et
652 927 733 981 docta
751 931 891 994 vagantur,

110 1006 242 1056 nocturno
259 1002 350 1056 facere
368 1007 399 1056 ut
417 1004 521 1071 possint
539 1005 566 1056 in
585 1009 709 1074 tempore
727 1004 814 1057 ludos.

109 1095 143 1130 au
162 1079 248 1146 magis
265 1078 333 1131 illud
351 1080 404 1132 crit
423 1083 533 1134 verum?
553 1083 617 1149 quia
635 1086 758 1150 tempore
774 1080 802 1132 in
819 1095 881 1146 uuo,

109 1172 171 1207 cum
190 1155 321 1208 sentimus
339 1155 375 1221 id,
395 1160 424 1210 ct
443 1174 504 1210 cum
522 1174 575 1210 vox
595 1158 731 1211 emittitur
748 1172 809 1223 una,
925 1169 960 1209 796
1006 1207 1010 1212 .

110 1238 235 1300 tempora
253 1232 339 1284 multa
358 1232 451 1300 latent,
470 1234 539 1286 ratio
559 1252 629 1302 quae
648 1233 783 1303 comperit
801 1247 868 1299 esso,

109 1311 256 1376 propterca
274 1308 306 1361 fit
323 1309 363 1361 uti
382 1310 476 1378 quovis
493 1311 521 1362 in
540 1315 663 1379 tempore
681 1325 806 1378 quaeque

110 1388 219 1452 praesto
238 1384 293 1437 sint
311 1385 455 1439 simulacra
472 1387 538 1449 locis
556 1387 585 1439 in
604 1388 719 1456 quisque
736 1389 840 1453 parata.
891 1444 897 1455 ‚

109 1475 188 1508 TANTA
199 1476 353 1509 uouttlrnssr
363 1478 391 1509 ΕΤ
403 1478 486 1510 kunnu
497 1479 566 1511 com
576 1479 655 1512 ΤΑΝΤΔ

111 1544 157 1576 HOC
168 1543 209 1576 UBI
219 1545 295 1576 nutus
306 1545 375 1576 Pnnrr
385 1547 490 1584 Amoque
500 1547 542 1580 EST
552 1548 645 1580 ALTERA
656 1549 721 1583 NATA
925 1549 961 1589 w)

112 1613 171 1645 mon
181 1606 255 1646 STATU
266 1613 338 1645 emon
351 1614 392 1646 1110
407 1615 500 1647 GRS'I'UM
514 1615 623 1648 MUTASSE
633 1617 739 1652 vmmuu

112 1672 141 1720 et
159 1668 223 1736 quia
239 1668 331 1722 tenvia
349 1673 418 1736 sunt,
438 1670 488 1723 nisi
507 1688 536 1724 so
555 1673 701 1741 contendit,
721 1679 801 1731 acute

113 1761 224 1798 eernere
235 1762 288 1797 non
301 1745 372 1814 potis
385 1751 428 1800 cst
440 1748 546 1800 animus
556 1769 561 1811 ;
571 1749 686 1816 proinde
698 1752 787 1805 omnia
799 1770 869 1821 qnae
882 1759 946 1808 sunt

113 1825 257 1889 praeterea
274 1823 467 1897 pereuntpnisi
486 1824 581 1893 siquae
600 1825 636 1877 ad
654 1842 684 1879 se
701 1827 761 1895 ipso
778 1829 891 1898 paravit.

113 1897 172 1965 ipse
189 1903 269 1966 parat
287 1914 446 1967 seseporro
465 1906 612 1968 speratque
630 1902 752 1958 futunun
926 1921 961 1960 sos

113 1978 145 2026 ut
163 1974 254 2027 videat
271 1975 345 2043 quod
363 1977 538 2044 consequitur
555 1994 614 2031 rem
633 1997 784 2050 quamque;
801 1982 834 2036 fit
851 1998 924 2051 crgo.

113 2066 202 2104 nonne
220 2050 294 2103 rides
313 2051 404 2104 oeulos
422 2052 512 2119 etiam,
530 2071 592 2106 eum
611 2057 703 2110 tenvia
720 2075 790 2126 quae
807 2061 872 2112 sunt

114 2143 226 2180 cernere
244 2130 399 2195 coeperunt,
418 2128 583 2183 contendere
601 2149 630 2186 se
648 2137 731 2202 atque
749 2135 853 2204 parare,

113 2219 163 2256 uec
181 2204 238 2256 sine
256 2220 289 2256 eo
307 2203 366 2256 fieri
384 2221 464 2272 posse
482 2209 514 2258 ut
531 2223 674 2263 cernamus
692 2212 788 2265 aeutei
926 2226 962 2266 810

114 2282 143 2332 et
161 2283 252 2332 tamen
270 2280 297 2332 in
318 2279 399 2333 rebus
417 2298 525 2350 quoque
543 2285 645 2352 apertis
663 2302 776 2341 noscere
793 2288 889 2356 possis,

114 2349 207 2408 si'non
225 2356 352 2409 adver-ms
371 2357 496 2424 animum,
515 2361 630 2428 proinde
648 2379 709 2416 esse
727 2365 803 2432 quasi
821 2365 893 2417 omni

113 2435 237 2500 tempore
255 2441 389 2486 semotum
407 2434 490 2488 fuerit
508 2435 642 2505 longeque
660 2444 801 2494 remotum.

114 2525 163 2561 cur
179 2508 264 2575 igitur
282 2510 414 2578 mirumst,
434 2511 538 2565 animus
556 2513 578 2566 si
597 2518 689 2568 cetera
706 2515 799 2584 perdit

114 2588 305 2654 praeterquam
324 2587 421 2654 quibus
440 2591 482 2641 est
498 2589 526 2640 in
544 2589 626 2642 rebus
645 2591 756 2644 deditus
772 2593 848 2660 ipsci
928 2605 963 2644 ³15

114 2660 213 2714 deinde
230 2661 407 2730 adopinamur
424 2663 459 2716 de
477 2664 559 2731 signis
577 2667 694 2720 maxima
711 2670 801 2737 parvis

115 2755 146 2791 ae
164 2754 213 2790 nos
231 2737 258 2788 in
277 2739 401 2792 fraudem
419 2741 555 2795 induimus
572 2743 755 2799 frustraminis
773 2744 844 2814 ipsi]

152 2813 198 2866 Fit
216 2816 323 2884 quoque
340 2820 371 2869 ut
389 2817 527 2881 interdum
544 2836 597 2874 non
618 2821 810 2890 suppeditetur
827 2822 917 2890 imago

116 2888 237 2941 eiusdem
255 2891 370 2958 generis,
389 2893 439 2946 sed
456 2893 556 2947 femina
574 2914 644 2963 quae
661 2897 712 2951 suit
731 2903 803 2965 ante,

116 2962 143 3012 in
161 2963 286 3016 manibus
304 2967 344 3019 vir
362 2968 404 3022 uti
422 2969 510 3023 factus
528 2970 654 3025 videatur
672 2973 775 3041 adesse,
927 2989 964 3028 διο

117 3039 166 3088 aut
183 3037 235 3090 alia
252 3055 286 3091 cx
304 3042 358 3096 alia
374 3044 456 3098 facies
474 3048 603 3114 aetasque
621 3052 757 3116 sequatur.

74 3139 105 3170 m
117 3109 191 3178 quod
208 3127 243 3166 ne
260 3116 391 3172 miremur
408 3136 488 3187 sopor
505 3123 587 3189 atque
605 3122 704 3176 oblivia
721 3129 825 3178 curant.

73 3216 106 3248 g„
152 3184 239 3254 [Illud
256 3188 284 3243 in
301 3192 343 3246 his
360 3193 442 3247 rebus
460 3195 555 3248 vitium
574 3201 716 3252 vementer
733 3202 834 3253 avessis
