2252 3530
21 90 24 101 '
91 37 680 266 Mffiffl
710 41 860 118 m*

360 185 413 271 Ι
502 237 543 260 r
565 167 617 222 ΙΙΙ

167 276 199 326 ut
216 273 315 337 videus,
334 271 461 340 quoniam
479 271 648 324 coniunctast
666 287 747 324 causa
764 272 867 340 salutis,

166 350 337 402 coniunctam
356 364 464 416 quoque
483 351 608 400 naturam
626 347 774 400 consistere
792 365 893 402 eorum.

200 425 291 494 [Quod
310 427 443 493 superest,
462 425 545 492 siquis
564 441 661 491 corpus
679 423 782 478 sentire
800 425 902 478 refutat
977 440 1013 478 aso

165 505 250 569 atque
268 502 385 554 animam
404 500 492 554 credit
510 500 675 568 permixtum
693 517 806 568 corpore
825 504 883 554 toto

166 578 304 646 suscipere
323 578 392 631 hunc
411 582 515 630 motum
534 593 615 644 quem
634 593 742 630 sensum
760 578 959 644 nominitamus,

166 654 208 706 uel
226 653 383 706 manifestas
402 671 445 706 res
463 657 558 726 contra
576 669 708 720 verusque
726 657 868 721 repugnat.

166 729 233 797 quid
252 729 287 782 sit
306 730 377 782 enim
396 746 493 797 corpus
512 730 613 782 sentire
632 729 692 796 quis
711 728 818 782 adferet
834 747 970 798 umquam,

165 806 187 858 si
205 823 259 858 non
277 806 336 873 ipsa
354 805 444 873 palam
463 805 538 874 quod
556 822 600 858 res
619 804 745 858 deditae
764 805 856 860 docuit
874 823 922 859 nos
929 807 938 859 l
978 819 1013 860 000

165 885 194 934 at
212 881 323 935 dimissa
341 883 430 934 anima
448 899 546 950 corpus
565 889 640 935 caret
658 880 779 950 undique
797 899 892 946 seusu;

164 957 256 1025 perdit
275 959 345 1011 euim
365 958 437 1026 quod
456 975 508 1010 uon
527 958 666 1026 proprium
685 957 737 1010 luit
755 958 813 1011 eius
830 959 857 1011 iu
876 975 948 1012 aevo.

163 1049 294 1088 nlULrAQUu
306 1049 445 1082 Punursunu
457 1050 580 1081 l'llllDll'UM
592 1050 742 1082 EXPELMTUR
752 1051 816 1082 Auro
826 1051 895 1089 QUAM

199 1110 298 1163 Dicere
317 1127 396 1179 porro
415 1111 506 1163 oculos
524 1111 625 1163 nullam
643 1128 702 1163 rem
720 1128 831 1164 cernere
849 1128 935 1178 posse,

165 1185 214 1238 sed
231 1203 281 1253 per
299 1203 345 1239 eos
363 1186 482 1238 animum
500 1190 531 1239 ut
549 1186 653 1239 foribus
671 1191 795 1254 spectare
813 1188 933 1252 reclusis,
976 1202 1013 1239 300

166 1261 326 1329 desiperest,
345 1265 440 1314 contra
457 1279 518 1315 cum
538 1279 631 1314 sensus
650 1263 723 1315 dicat
742 1279 849 1326 eorum;

41 1370 51 1378 ,
113 1381 117 1386 ,
165 1351 253 1384 SENSUS
263 1352 324 1384 uum
336 1353 427 1384 rusum*
437 1353 516 1390 ATQUu
526 1353 595 1384 nolus
608 1353 730 1385 llllTllUllI'l'
744 1354 777 1384 AD
788 1355 851 1386 ipsus

163 1408 268 1475 fulgida
286 1407 447 1475 praesertim
465 1424 526 1460 cum
545 1424 656 1461 cernere
675 1425 756 1475 saepe
774 1409 925 1475 nequimus,

165 1485 268 1537 lumina
286 1483 432 1536 luminibus
452 1484 515 1551 quia
533 1483 610 1536 uobis
628 1483 854 1552 praepediuntur.

165 1560 239 1629 quod
247 1561 350 1621 foribus
360 1576 412 1612 nou
422 1560 467 1623 fit;
480 1575 570 1629 neque
582 1559 661 1626 enim,
675 1559 739 1627 quia
751 1560 886 1613 ceruimus
894 1558 955 1628 ipsi,
978 1573 1014 1612 005

165 1638 234 1689 ostia
253 1636 403 1703 suscipiunt-
421 1635 506 1689 ullum
524 1633 630 1688 reclusa
648 1635 775 1688 laborem.

164 1716 308 1780 praeterea
327 1712 349 1763 si
367 1728 414 1779 pro
432 1711 535 1767 foribus
554 1714 618 1763 suut
637 1711 738 1768 luminu
756 1715 856 1779 nostra,

164 1788 217 1841 iam
236 1789 323 1855 magis
342 1789 477 1858 exemptis
495 1789 579 1843 oculis
598 1786 700 1839 dobere
720 1786 827 1840 videtur
858 1844 861 1848 ,

164 1881 275 1917 cernere
294 1881 338 1916 res
356 1863 462 1916 animus
479 1861 595 1915 sublatis
611 1863 736 1930 postibus
754 1862 826 1930 ipsis.

200 1940 273 1993 Illud
291 1940 319 1992 in
339 1939 381 1992 his
398 1939 479 1994 rebus
495 1954 668 2006 nequaquam
689 1955 796 1992 sumere
814 1939 909 2006 possis,
978 1955 1014 1994 sro

165 2015 315 2070 Democriti
334 2015 407 2083 quod
424 2019 519 2070 sancta
536 2015 587 2068 viri
605 2015 742 2069 sententia
762 2015 845 2082 ponit,

122 2109 125 2114 ’
164 2092 283 2160 corporis
302 2095 384 2157 atque
403 2090 484 2142 animi
503 2090 653 2158 primordia
671 2091 776 2156 singula
793 2091 877 2158 priris

164 2168 289 2237 adposita
308 2166 421 2219 alteruis
438 2166 551 2230 variare,
570 2183 601 2218 uc
619 2174 730 2218 uerte-rc
748 2166 875 2218 membra.

134 2301 137 2304 ,
162 2261 225 2296 uam
242 2259 303 2296 omn
322 2241 407 2294 multo
426 2247 489 2294 suut
507 2243 612 2294 animae
632 2243 765 2294 elementa
783 2242 888 2294 minora
913 2249 916 2257 '

163 2336 245 2387 quam
264 2316 362 2384 quibus
381 2334 396 2369 e
414 2333 510 2383 corpus
528 2317 606 2368 nobis
624 2321 652 2368 et
672 2317 773 2369 viscera
793 2323 925 2382 constant,
976 2332 1012 2371 375

164 2400 223 2447 tum
240 2408 353 2445 numero
372 2408 481 2459 quoque
499 2391 652 2444 concedunt
671 2397 699 2444 et
716 2409 779 2444 rura
798 2410 847 2461 por
866 2399 942 2446 artus

164 2470 259 2522 dissita
277 2472 341 2520 suut
360 2467 519 2530 dumtaxut3
536 2471 568 2520 ut
586 2465 637 2520 boc
655 2469 816 2534 promittere
835 2469 929 2536 possis,

163 2545 295 2615 quantula
313 2545 389 2612 priva
407 2550 509 2611 queant
526 2543 605 2596 uobis
623 2543 722 2597 iniecta
740 2545 812 2597 ciere

163 2638 278 2690 corpora
296 2620 439 2674 sensiferos
457 2623 547 2672 motus
564 2621 592 2672 iu
611 2636 729 2688 corpore,
748 2623 825 2673 tantu

162 2696 307 2751 intervalla
325 2699 418 2749 tonare
436 2697 549 2748 exordia
566 2697 643 2764 priva
660 2696 766 2748 animai.
975 2711 1011 2749 uso

163 2791 227 2827 nam
245 2790 334 2841 neque
353 2773 470 2840 pulveris
488 2773 628 2826 interdum
646 2774 778 2826 sentimus
796 2772 942 2824 adhaesum

164 2867 276 2916 corpore
294 2866 344 2902 uec
362 2849 491 2902 membris
509 2849 643 2902 incussam
662 2849 752 2902 sidere
770 2852 881 2914 cretam,

164 2943 214 2981 nec
232 2925 358 2978 nebulam
376 2927 457 2976 noctu
475 2942 564 2994 neque
582 2924 676 2978 aranei
694 2925 785 2978 tenvia
803 2924 849 2977 filu

164 3003 243 3056 obvia
262 3002 401 3068 sentimus,
420 3002 528 3070 quando
547 3002 698 3056 obretimur
716 3005 819 3069 euntes,

164 3096 214 3132 noc
232 3095 331 3148 supera
349 3083 432 3146 caput
450 3078 571 3132 eiusdem
589 3079 720 3132 cecidisse
738 3079 838 3130 vietam
976 3092 1013 3131 300

164 3159 268 3208 vestem
286 3172 336 3208 nec
354 3155 459 3224 plumas
477 3155 567 3208 avium
585 3172 743 3223 papposque
760 3155 875 3208 volantis

164 3231 212 3300 qui
230 3231 312 3284 nimia
329 3231 443 3286 levitate
460 3230 562 3286 cadunt
581 3232 741 3300 plerumque
759 3233 900 3300 gravatim,
