2252 3530
118 263 244 316 naturam
262 274 353 311 rerum
372 260 480 310 mutare
498 260 528 310 et
545 260 653 310 vertere
671 249 728 310 mot
763 298 768 310 .
795 297 797 303 ,

157 335 231 389 Illud
249 333 336 387 iubis
354 334 436 386 rebus
455 349 509 385 non
527 335 571 385 est
588 331 719 400 mirabile,
738 348 831 400 quare,

119 412 209 466 omnia
227 428 288 464 cum
306 427 397 463 rerum
417 408 567 477 primordia
585 407 687 460 sintin
704 412 790 476 motu,

121 503 228 542 summa
245 491 337 539 tamen
357 501 461 537 summa
480 484 607 537 videatur
624 487 698 537 stare
716 484 814 551 quiete,
937 499 973 537 ere

119 566 314 635 praeterquam
334 561 424 628 siquid
444 561 554 629 proprio
573 560 622 612 dat
640 576 753 628 corpore
771 563 868 612 metus.

119 641 204 694 omnis
223 639 294 692 enim
313 638 393 705 longe
411 637 514 690 nostris
533 637 568 688 ab
586 636 710 690 sensibus
728 635 798 688 infra

118 716 267 786 primorum
285 718 384 766 natura
402 713 489 777 iacet3
508 716 684 781 quapropter,
703 711 750 764 ubi
769 713 827 781 ipsa
903 739 907 752 ·

120 807 232 846 cernere
249 791 302 843 iam
323 805 450 857 nequeas,
470 792 560 841 metus
580 804 687 856 quoque
706 804 819 856 surpere
837 786 954 852 debent3

119 866 283 937 praesertim
302 883 371 933 eum,
390 882 459 933 quae
476 864 611 932 possimus
629 880 748 930 comere,
767 865 856 918 celent
935 877 971 918 315

119 960 202 1012 saepe
219 945 313 996 tamen
331 943 422 994 motus
441 940 529 1009 spatio
550 938 663 992 diducta
681 939 808 996 locorum.

118 1035 181 1072 nam
200 1035 281 1087 saepe
299 1019 326 1070 in
345 1017 406 1070 colli
424 1015 570 1069 tondentes
589 1015 689 1084 pabula
707 1015 781 1070 laeta

57 1130 61 1139 ι
116 1095 253 1162 lanigerae
271 1097 383 1163 reptant
401 1092 520 1162 pecudes
539 1109 592 1160 que
611 1109 746 1160 quamque
763 1093 893 1146 vocantes

109 1171 235 1235 >inritant
252 1170 353 1222 herbae
372 1172 542 1237 gemmantes
561 1185 623 1221 rore
641 1169 754 1235 recenti,

100 1251 147 1318 ,et
165 1247 256 1300 satiati
275 1246 336 1313 agni
355 1246 455 1299 ludunt
472 1245 627 1312 blandeque
645 1248 803 1309 eoruscant;
934 1259 971 1298 300

118 1323 207 1377 omnia
225 1339 294 1390 quae
313 1321 390 1374 nobis
407 1321 488 1388 longe
507 1321 619 1373 confusa
637 1321 766 1374 videntur

72 1458 76 1477 ¹
118 1403 147 1454 et
165 1399 285 1453 velutin
303 1397 383 1451 viridi
402 1396 502 1449 ean'dor
520 1397 670 1449 consistere
689 1396 759 1449 eolli.

32 1487 45 1552 g
137 1478 262 1529 reeterea
279 1490 394 1541 magnae
412 1472 533 1540 legiones
551 1489 612 1524 eum
631 1473 689 1526 loca
707 1490 788 1526 eursu

113 1494 275 1620 lamperum
294 1549 432 1618 complent
450 1547 515 1600 belli
534 1548 676 1601 simulacra
695 1549 803 1616 cientes,

76 1670 89 1704 ,¹
105 1619 207 1694 'fulgor
224 1626 261 1678 ibi
279 1626 315 1678 ad
333 1623 438 1678 caelum
457 1640 486 1676 se
505 1623 576 1676 tollit
593 1627 706 1692 totaque
725 1625 826 1678 circum
933 1640 970 1680 sat

56 1758 59 1767 ,
118 1719 181 1756 aere
198 1701 345 1754 renidescit
363 1699 445 1752 tellus
463 1701 612 1768 supterque
624 1699 717 1751 ‘virum
736 1700 761 1752 ri

51 1787 54 1797 ·
118 1779 224 1833 excitur
242 1775 358 1846 pedibus
376 1775 481 1828 sonitus
500 1775 672 1843 clamoreque
690 1780 796 1829 mentes

116 1855 165 1908 icti
183 1854 317 1906 reiectant
335 1868 416 1905 voees
434 1851 470 1904 ad
489 1850 580 1904 sidera
597 1851 692 1904 mundi

118 1933 147 1983 et
165 1928 385 1982 circumvolitant
403 1930 509 1995 equ'tes
526 1928 685 1996 mediosque
704 1932 818 1999 repente

118 2006 275 2066 tramittunt
294 2004 383 2057 valide
401 2005 557 2072 quatientes
574 2004 678 2072 impete
696 2022 813 2073 campos.
931 2004 968 2044 3³⁰

118 2085 147 2134 et
165 2084 257 2133 tamen
275 2083 318 2132 est
336 2080 447 2146 quidam
465 2079 541 2132 locus
559 2079 621 2132 altis
639 2080 776 2133 montibus
794 2081 871 2135 ande

119 2161 192 2211 stare
210 2157 338 2209 videntur
357 2159 385 2208 et
403 2155 430 2207 in
450 2155 554 2224 eampis
572 2157 726 2215 consistere,
737 2155 834 2224 fulgor.
857 2149 860 2154 ’

153 2232 234 2284 Nune
252 2231 375 2298 egestam
393 2230 524 2300 deinceps
544 2235 702 2285 cunctarum
722 2232 833 2286 exordia
851 2250 943 2287 rerum

6 2363 9 2372 ,
118 2308 208 2376 qualia
227 2307 282 2364 sint
301 2311 329 2360 et
347 2323 428 2375 quam
446 2306 526 2374 longe
545 2307 674 2360 distantia
692 2307 785 2360 formis

18 2391 21 2398 '
49 2409 91 2472 μ
117 2385 235 2454 percipe,
253 2383 410 2450 multigenis
429 2400 509 2450 quam
529 2385 583 2436 sint
602 2385 706 2436 variata
724 2384 832 2451 figuris;
924 2399 979 2442 aas*

44 2475 101 2525 ρ·
116 2477 171 2514 nou
209 2476 243 2513 ue
261 2458 349 2512 multa
367 2476 463 2529 parum
482 2455 561 2512 simili
580 2460 633 2512 sint
651 2459 777 2527 praedita
795 2459 889 2529 forma,
943 2447 1009 2534 ’si‘
1047 2461 1055 2486 ¹

10 2527 104 2718 s}
118 2478 250 2604 sedilus
267 2527 416 2602 00δῖοἲὃῖςο
434 2537 512 2604 paria
530 2535 655 2588 omnibus
673 2535 764 2587 omnia
782 2539 914 2591 constent.
938 2533 952 2605 ξ’
973 2549 976 2558 “
1030 2547 1035 2555 ’

117 2629 167 2666 nec
184 2613 299 2676 mirum;
316 2627 379 2663 uam
398 2628 460 2664 cum
479 2611 514 2663 sit
533 2626 626 2663 eorum
644 2611 722 2678 eopia
739 2613 817 2665 tanta
1027 2639 1030 2646 ·

116 2691 149 2742 ut
166 2703 255 2756 neque
272 2687 342 2754 finis,
360 2688 402 2740 uti
420 2686 506 2753 docui,
524 2702 612 2754 neque
631 2701 735 2738 summa
753 2687 788 2740 sit
806 2687 868 2756 ulla,

117 2763 220 2819 debent
237 2763 364 2816 nimirum
382 2779 435 2814 non
453 2761 576 2814 omnibus
595 2761 684 2814 omnia
702 2778 826 2829 prorsum
931 2777 967 2816 000

117 2855 177 2894 esse
196 2839 256 2909 pari
274 2839 319 2892 filo
338 2837 472 2906 similique
489 2837 598 2890 adfecta
616 2837 709 2904 ligura.

118 2919 242 2985 praestat
259 2932 318 2968 rem
336 2930 423 2981 genus
440 2913 587 2965 humanum
606 2916 752 2981 mutaeque
770 2917 896 2967 natantes

119 2992 319 3060 squamigerum
337 2989 457 3060 pecudes
475 2991 504 3042 et
521 2988 593 3042 laete
611 2993 735 3042 armenta
752 2990 879 3058 feraeque

118 3069 147 3120 et
165 3067 256 3118 variae
274 3066 405 3132 volueres,
425 3065 555 3118 laetantia
572 3081 642 3132 quae
661 3065 719 3118 loea
737 3081 868 3133 aquarum

118 3140 307 3194 concelebrant
325 3142 426 3195 circum
444 3140 518 3210 ripas
535 3140 672 3208 fontisque
689 3141 825 3208 lacusque,
930 3155 966 3196 040
1123 3151 1124 3209 l

118 3221 147 3270 et
165 3233 236 3284 quae
254 3217 415 3285 pervolgant
433 3232 544 3269 nemora
562 3216 623 3268 avia
639 3217 849 3284 pervolitantes;
901 3265 918 3300 λ
1021 3275 1031 3298 .·

824 3415 927 3445 ,μ-

991 3468 1002 3512 t
