2252 3530
545 111 619 168 IIII
959 114 1016 172 105

164 211 267 280 quippe
284 211 330 264 ubi
348 212 390 265 cui
407 211 492 265 febris
510 212 557 266 bili
574 217 721 282 superante
739 217 833 268 coorta
850 217 894 270 est

166 291 215 341 aut
232 287 286 341 alia
303 288 410 342 ratione
426 287 544 356 aliquast
562 288 604 342 vis
621 289 713 343 excita
729 289 825 358 morbi,
987 305 1022 346 ees

165 364 345 434 perturbatur
362 364 401 418 ibi
417 365 473 418 iam
489 368 579 420 tetum
597 383 696 435 corpus
714 369 743 420 et
761 383 855 423 omnes
936 427 942 439 ,

165 444 370 495 commutentur
386 441 424 495 ibi
441 442 581 511 positurae
598 442 808 512 principiorum

166 517 198 572 fit
216 517 291 586 prius
309 517 345 570 od
362 535 472 572 sensum
489 525 522 570 ut
539 535 609 588 quae
626 535 741 588 corpore
758 518 954 574 conveniebant

165 609 237 646 nunc
254 610 307 647 nen
325 594 493 660 convenient,
513 597 542 648 et
559 597 652 648 cetere
670 594 725 649 sint
743 595 830 665 magis
847 599 921 664 apte,

165 685 236 738 quoe
247 665 392 739 penetrata
405 672 509 738 queunt
521 685 631 724 sensum
644 671 809 743 progignere
821 670 958 726 acerbum.
987 686 1023 727 670

585 757 604 792 s

164 834 282 900 utroque
300 830 372 886 enirn
390 835 454 885 sunt
473 831 500 884 in
517 832 606 886 mellis
623 834 770 887 commixta
787 851 900 904 sapere;

165 907 194 960 id
213 907 357 976 quodiam
375 920 474 976 supera
491 908 542 962 tibi
561 925 644 977 saepe
661 909 831 963 ostendimus
848 914 919 964 onte.
984 964 991 975 ‚

202 984 226 1036 N
230 1000 282 1038 nnc
300 1001 351 1052 age
369 1000 423 1051 que
440 989 521 1052 paeto
539 983 612 1038 neris
630 984 753 1039 adiectus
770 985 862 1040 ederis

68 1130 71 1136 Ι
166 1062 263 1127 tanget
281 1076 367 1128 egam.
385 1060 503 1128 primum
521 1077 565 1114 res
583 1060 685 1114 multas
703 1077 763 1115 esse
780 1065 920 1117 necessest

165 1136 239 1189 unde
257 1135 344 1189 fluens
361 1136 452 1190 volvat
470 1137 561 1188 varius
582 1152 611 1190 se
629 1137 728 1191 fluctus
746 1138 870 1206 edorum,
985 1135 1024 1188 'ers

165 1214 196 1265 et
212 1211 298 1265 fluere
316 1215 345 1265 et
362 1212 437 1266 mitti
454 1212 532 1279 volgo
550 1212 696 1282 spargique
714 1214 909 1283 putandumst3

166 1303 262 1340 rerum
279 1287 339 1340 eliis
356 1288 425 1341 alius
442 1289 529 1356 magis
547 1291 590 1341 est
606 1289 788 1344 animantibus
806 1294 888 1360 aptus

166 1362 306 1417 dissimilis
324 1367 439 1432 propter
451 1347 564 1417 termas.
581 1364 698 1432 ideoque
716 1382 767 1433 per
784 1383 865 1420 eures

165 1439 253 1494 mellis
271 1456 337 1509 opes
355 1439 478 1507 quamvis
495 1439 576 1508 longe
594 1440 730 1496 ducuntur
748 1441 839 1510 edere,

166 1514 330 1583 volturiique
348 1515 533 1588 cadaveribus.
552 1520 611 1569 tum
630 1516 693 1570 fissa
711 1517 831 1571 ferarum
988 1530 1025 1569 ose

166 1591 337 1660 ungulaque
355 1591 451 1646 tulerit
468 1609 591 1660 gressum
610 1593 742 1662 permissa
759 1609 855 1647 conum
874 1593 913 1646 vis

167 1665 252 1734 ducit,
270 1670 300 1721 et
317 1666 465 1720 humanum
482 1668 562 1736 longe
579 1669 732 1737 praesentit
750 1668 861 1723 odorem

169 1742 376 1798 Romulidarum
394 1743 464 1797 arcis
483 1747 606 1798 servator
623 1744 755 1798 candidus
772 1762 859 1800 unser.

168 1819 207 1873 sic
225 1819 285 1873 aliis
304 1820 372 1873 nlius
390 1818 470 1873 nidor
487 1819 569 1873 dctus
586 1820 622 1874 nd
640 1837 689 1875 sun
706 1838 842 1890 quemque

168 1894 269 1964 pabule
286 1896 363 1950 decit
381 1899 410 1950 et
427 1913 444 1950 a
461 1899 552 1950 taetro
571 1897 676 1952 resilire
693 1914 795 1952 venene
991 1910 1027 1950 ees

168 1972 248 2040 cogit
267 1988 353 2040 eoque
371 1972 452 2026 modo
470 1976 615 2027 servantur
633 1974 722 2028 saecla
738 1975 864 2028 ferarum.

206 2048 259 2101 Hic
277 2047 345 2101 odor
362 2047 422 2117 ipse
439 2049 532 2116 igitur,
550 2049 625 2102 naris
642 2051 806 2120 quicumque
823 2050 940 2117 lacessit,

168 2126 212 2176 est
229 2123 282 2175 elio
299 2127 331 2176 ut
348 2124 435 2192 pessit
451 2125 577 2193 permitti
595 2125 700 2194 longius
718 2127 795 2180 alter.

169 2196 219 2251 scd
236 2201 328 2251 tannen
346 2199 420 2252 haud
438 2200 580 2268 quisquam
599 2205 656 2255 tam
674 2202 753 2270 longe
770 2203 860 2257 fertur
877 2218 971 2255 cerum

168 2290 251 2341 quom
264 2273 374 2341 sonitus,
386 2291 469 2342 quam
481 2291 540 2342 vox,
555 2277 635 2330 mitto
647 2277 701 2330 iam
714 2278 806 2332 dicere
819 2295 899 2346 quem
912 2294 957 2330 res
990 2293 1026 2330 ooo

168 2366 238 2418 quae
255 2349 357 2403 feriunt
374 2349 513 2403 oculorum
531 2352 603 2405 acics
621 2353 762 2421 visumque
779 2353 922 2407 lacessunt.

168 2424 340 2478 errabundus
357 2425 430 2479 enim
447 2426 528 2480 tarde
546 2428 621 2481 venit
639 2444 670 2482 nc
688 2429 761 2496 perit
779 2433 843 2484 ante

168 2501 300 2570 paulatim
318 2500 404 2555 facilis
422 2501 573 2557 distractus
590 2504 618 2556 in
636 2504 706 2557 neris
724 2521 819 2570 auras;

124 2611 126 2636 i
168 2593 203 2630 ex
221 2577 277 2632 alte
295 2576 414 2647 primum
431 2578 495 2645 quia
513 2578 557 2632 vix
575 2579 711 2634 emittitur
728 2597 763 2634 ex
782 2597 825 2634 re:
1043 2643 1044 2646 Ἴ

169 2669 231 2723 unm
249 2654 359 2722 penitus
377 2654 462 2708 fluere
480 2659 564 2724 atque
581 2655 712 2710 recedere
730 2656 812 2710 rebus
830 2654 928 2709 odores
991 2668 1028 2708 ees

169 2729 304 2797 significat
321 2730 396 2798 quod
414 2731 501 2785 fracta
518 2731 605 2800 magis
623 2731 748 2787 redolere
765 2731 894 2786 videntur

169 2805 266 2873 omnin,
284 2806 357 2873 qnod
375 2808 499 2872 contrita„
518 2808 591 2876 quod
607 2809 663 2876 igni
681 2808 881 2863 conlabefacte:

169 2880 269 2935 deinde
287 2882 381 2936 videre
398 2882 464 2936 licet
482 2884 628 2938 maioribus
646 2901 706 2938 esse
723 2887 847 2940 creatum

168 2956 308 3026 principiis
326 2974 407 3026 quam
426 2974 485 3024 vex,
503 2960 631 3027 quoniam
649 2977 699 3029 per
717 2976 799 3015 saxee
816 2961 913 3028 saepto

169 3049 223 3086 non
241 3036 377 3102 penetrat,
395 3050 449 3103 qua
466 3051 519 3088 vex
537 3036 615 3103 volgo
633 3037 791 3105 sonitusque
808 3035 941 3089 feruntur.
992 3047 1028 3089 reo

170 3125 255 3175 quare
273 3108 356 3163 etiem
374 3111 448 3177 quod
466 3110 522 3165 olet
539 3128 592 3172 non
610 3114 668 3165 tem
684 3112 764 3166 facile
782 3127 842 3165 esse
859 3107 966 3165 videbis

169 3183 334 3252 investigere
351 3187 378 3238 in
397 3202 451 3254 qua
468 3186 505 3240 sit
523 3188 634 3254 regione
651 3187 776 3242 locstmn.

170 3259 198 3302 ln
