2234 3526
147 113 201 169 162
541 111 589 166 Vl

143 217 249 284 ignem,-
261 216 387 270 continuo
399 222 431 268 al
448 232 546 282 magno
564 217 681 269 elamore
699 217 833 283 trucidet;

143 297 175 347 ut
193 291 287 345 calidis
304 292 423 345 candens
440 293 542 344 ferrum
562 309 577 345 e
594 293 749 346 fornacibus
766 294 830 346 olim

145 368 244 436 stridit,
262 367 310 421 ubi
326 368 355 420 in
372 367 493 434 gelidum
511 385 627 437 propere
646 368 824 422 demersimus
841 369 967 422 imbrem.

143 445 243 498 aridior
260 461 342 514 porro
360 445 383 497 si
400 443 485 498 nubes
504 445 602 512 accipit
619 443 716 512 ignem,
954 461 992 500 15⁰

142 521 231 574 uritur
248 522 350 589 ingenti
369 522 460 574 sonitu
477 537 604 574 succensa
621 526 750 589 repente;

143 597 302 652 lauricomos
320 602 351 651 ut
369 598 391 650 si
409 613 459 665 per
476 597 576 651 montis
594 597 701 651 flamma
718 603 832 667 vagetur

143 673 253 736 turbine
270 678 411 727 ventorum
430 673 590 726 comburens
607 674 708 742 impete
726 692 838 743 magno,

143 765 192 802 nee
210 767 254 804 res
271 751 326 804 ulla
343 751 430 816 magis
448 767 529 818 quam
548 749 651 803 Phoebi
670 747 801 820 Delphica
817 751 910 804 laurus

142 825 258 879 terribili
276 827 364 880 sonitu
382 827 489 879 flamma
506 826 657 894 crepitante
675 831 817 881 crematur.
953 841 991 881 155

144 900 260 968 denique
278 918 359 972 saepe
376 903 429 971 geli
447 903 549 955 multus
566 902 658 969 fragor
677 906 760 970 atquc
777 903 855 956 ruina

143 979 282 1044 grandinis
299 979 327 1030 in
345 978 449 1045 magnis
467 979 584 1050 sonitum
603 979 651 1032 dat
669 978 786 1032 nubibus
803 980 864 1034 alte.

143 1058 239 1108 ventus
256 1055 328 1108 enim
346 1071 407 1108 cum
425 1055 562 1122 confereit,
581 1055 749 1122 franguntur,
767 1055 795 1107 in
813 1059 911 1122 artum,

143 1131 260 1185 concreti
278 1134 384 1184 montes
402 1131 554 1184 nimborum
572 1134 601 1184 et
618 1130 749 1198 grandine
767 1131 852 1184 mixti.

178 1206 271 1275 Fulgit
288 1208 362 1276 itorn,
379 1208 464 1261 nubes
481 1207 551 1275 iguis
569 1224 630 1260 cum
649 1207 750 1260 semina
767 1207 852 1260 multa
952 1223 989 1262 roo

143 1300 283 1337 excussere
301 1301 349 1337 suo
368 1301 512 1349 concursu;
530 1300 581 1336 ceu
598 1283 716 1351 lapidem
734 1283 756 1335 si

70 1423 72 1430 Ι
142 1360 277 1428 percutiat
294 1360 362 1430 lapis
379 1364 427 1413 aut
443 1361 560 1424 femum3
578 1376 639 1412 nam
659 1363 717 1412 tum
735 1376 843 1427 quoque
860 1359 950 1413 lumen

142 1436 219 1490 exilit
236 1439 265 1490 et
282 1437 367 1490 claras
386 1436 512 1490 scintillas
531 1435 646 1502 dissipat
664 1435 740 1502 ignis.
793 1449 796 1457 ·

142 1512 192 1566 sed
208 1515 338 1567 tonitrum
356 1513 388 1566 fit
405 1513 446 1565 uti
463 1515 525 1578 post
543 1511 653 1564 auribus
671 1511 838 1579 accipiamus,

141 1589 245 1656 fulgere
262 1607 343 1658 quam
362 1593 474 1642 cernant
492 1588 570 1654 oculi,
588 1587 651 1655 quia
669 1604 777 1656 semper
793 1587 830 1640 ad
848 1588 921 1640 auris
950 1603 987 1642 roa

141 1666 245 1719 tardius
263 1666 411 1719 adveniunt
428 1682 509 1734 quam
526 1665 613 1717 visum
631 1681 699 1732 quae
717 1667 841 1717 moveant
859 1681 912 1718 res

141 1741 251 1806 idlicet
268 1742 330 1795 hinc
347 1743 429 1796 etiam
446 1757 612 1808 cognoscere.
631 1740 744 1794 caedere
762 1741 785 1792 si
802 1757 882 1807 quem

140 1817 251 1886 ancipiti
269 1817 361 1870 videas
379 1818 451 1871 ferro
469 1816 564 1885 procul
581 1815 685 1868 arboris
702 1820 819 1884 auctum,

141 1894 203 1944 ante
221 1891 253 1945 fit
270 1895 301 1945 ut
319 1909 414 1946 cernas
431 1893 516 1946 ictum
534 1908 614 1960 quam
632 1891 713 1960 plaga
730 1909 780 1960 per
797 1893 869 1945 arrris

141 1967 189 2020 det
207 1968 330 2022 sonitum.
350 1969 388 2022 sic
404 1969 536 2036 fulgorem
554 1985 661 2036 quoque
679 1969 812 2022 cemimus
829 1973 892 2023 ante
952 1983 988 2024 lac

141 2061 221 2111 quam
238 2044 370 2098 tonitrum
389 2045 542 2111 accipimus,
562 2045 665 2113 pariter
683 2045 729 2111 qui
746 2045 865 2099 mittitur
882 2045 940 2113 igni

141 2137 157 2174 e
175 2120 253 2173 simili
271 2137 359 2189 causa,
378 2137 508 2174 concursu
525 2123 605 2173 natus
623 2121 727 2174 eodem.

177 2198 237 2251 Hoc
254 2198 337 2251 etiam
355 2200 435 2267 paeto
455 2197 557 2250 volucri
575 2197 633 2250 loca
649 2197 750 2250 lumine
767 2197 876 2264 tingunt

140 2273 226 2327 nubes
243 2279 277 2328 et·
290 2274 405 2328 tremulo
423 2277 571 2342 tempestas
588 2274 690 2341 impote
708 2273 794 2342 fulgit.

140 2353 237 2405 ventus
255 2351 301 2404 ubi
318 2351 416 2405 invasit
432 2351 531 2404 nubem
550 2354 578 2404 ot
595 2355 718 2404 versatus
735 2351 835 2404 ibidem
950 2365 987 2406 17⁵

140 2427 205 2481 fecit
222 2430 253 2480 ut
272 2431 334 2481 ante
353 2445 445 2482 cavam
463 2426 542 2500 docui
560 2427 721 2495 spissescere
739 2427 846 2494 nubem,

139 2503 292 2557 mobilitate
311 2521 358 2557 sua
375 2503 516 2568 fervescit3
535 2507 566 2556 ut
585 2503 674 2556 omnia
691 2507 766 2556 motu

140 2579 318 2648 percalefacta
336 2579 412 2632 vides
429 2579 579 2648 ardescere,
597 2579 723 2648 plumbea
740 2596 804 2633 vero

139 2656 215 2724 glans
233 2655 315 2710 etiam
333 2656 412 2723 longo
430 2672 510 2708 cursu
528 2655 662 2709 volvenda
680 2655 812 2723 liquescit.

139 2749 204 2800 ergo
221 2732 339 2786 fervidus
356 2732 399 2785 hic
415 2731 515 2785 nubem
534 2749 595 2785 eum
612 2731 743 2801 perscidit
760 2736 854 2796 atram,
920 2733 923 2738 '
949 2746 987 2788 lae

140 2809 254 2878 dissipat
271 2807 376 2860 ardoris
394 2807 470 2876 quasi
488 2825 538 2876 per
554 2809 608 2862 vim
626 2819 755 2877 expressa
773 2812 885 2877 repente

140 2885 242 2938 semina
259 2901 327 2953 quae
344 2883 448 2937 faciunt
464 2884 596 2938 nictantia
612 2884 719 2951 fulgura
737 2885 875 2948 flammam

139 2960 203 3013 inde
222 2976 302 3013 sonus
320 2961 443 3028 sequitur
460 2960 506 3028 qui
524 2960 630 3014 tardius
645 2961 741 3014 adficit
758 2960 830 3014 auris

139 3051 220 3102 quam
237 3051 307 3102 quae
325 3037 485 3103 perveniunt
504 3037 640 3089 oculorum
659 3037 694 3090 ad
711 3037 811 3090 lumina
828 3041 927 3090 nostru.

140 3109 242 3162 scilicet
258 3110 308 3162 hoc
327 3109 417 3162 densis
435 3111 467 3162 fit
484 3110 600 3163 nubibus
617 3115 646 3164 et
664 3113 741 3166 simul
759 3113 814 3165 alto
949 3129 986 3174 iss

140 3185 272 3237 extructis
290 3184 349 3236 aliis
366 3184 431 3237 alias
450 3203 531 3254 super
549 3188 650 3256 impete
669 3190 750 3253 miro;

1096 87 1104 428 1
