2252 3530
112 141 149 198 90
499 141 571 198 IIII

109 243 196 297 multa
213 245 325 312 minuta,
344 245 395 299 iaci
413 261 483 313 quae
501 247 606 314 possint
623 245 719 300 ordine
737 247 833 300 eodem

109 337 164 390 quo
181 321 284 376 fuerint
300 324 331 377 et
348 322 444 375 formai
464 339 573 376 servare
590 323 712 391 figuram,

109 401 138 451 et
157 398 244 452 multo
261 398 352 465 eitius,¹
368 402 472 466 quanto
491 398 579 452 minus
597 399 754 468 indupediri
935 413 959 454 ro

109 490 196 543 pauca
213 472 316 542 queunt
352 478 363 528 t
382 478 446 527 sunt
465 475 497 526 ia
515 475 602 542 prima
619 475 710 528 fronte
727 474 822 529 locata.

108 567 172 603 nam
191 555 267 605 certe
284 551 373 604 iacere
390 567 422 604 11
440 551 535 618 largiri
552 551 639 605 mults
656 551 787 618 videmus,

109 643 161 678 non
180 627 266 680 solum
284 643 318 680 ex
336 627 392 680 alto
409 627 581 696 penitusque,
599 631 631 680 ut
650 627 769 680 diximus
786 630 859 694 ante,

108 719 203 756 rerum
221 703 257 756 de
275 703 387 756 summis
403 704 493 772 ipsum
511 720 618 772 quoque
636 720 718 773 saepe
735 703 859 756 colorem.

109 782 139 832 et
156 779 235 846 volgo
252 779 355 832 faciunt
373 779 403 832 id
421 779 495 832 lutea
513 796 644 848 russaque
662 780 722 833 vela
936 791 960 833 7⁵

109 858 139 908 et
155 855 301 922 ferrugine,
321 872 383 908 eum
400 856 505 923 magnis
523 855 630 910 intenta
647 855 764 910 theatris
796 868 797 871 ’

109 947 159 999 per
176 931 261 984 malos
278 931 387 999 volgata
405 931 551 1000 trabesque
568 931 716 985 trementia
733 931 838 985 flutant.

109 1023 226 1075 namque
243 1007 281 1060 ibi
299 1024 452 1061 consessum
472 1008 563 1061 caveai
582 1011 678 1077 supter
696 1011 725 1061 et
742 1023 849 1060 omnem

110 1085 215 1137 scaenai
234 1084 361 1153 speciem,
379 1087 489 1152 patrum
508 1088 670 1152 coetumque
688 1085 817 1138 decorum

108 1159 234 1213 inficiunt
251 1163 405 1228 coguntque
423 1176 472 1213 suo
489 1160 597 1213 fluitare
615 1160 714 1214 colore.
936 1171 961 1210 so

110 1240 139 1290 et
157 1239 259 1304 quanto
277 1236 378 1289 circum
395 1252 475 1304 mago
494 1239 557 1288 suut
574 1235 677 1289 inclusa
695 1236 798 1290 theatri

110 1311 252 1379 moenibu’‚
270 1315 327 1364 tam
345 1312 431 1379 magis
449 1312 516 1366 haee
534 1312 608 1364 intus
625 1312 736 1380 perfusa
753 1311 847 1380 lepore

110 1388 200 1442 omnia
218 1387 360 1442 conrident
378 1393 505 1458 correpta
523 1388 582 1440 lucc
601 1387 662 1441 diei.

110 1481 175 1532 ergo
192 1463 276 1518 lintea
294 1465 329 1518 de
347 1481 452 1517 summo
471 1481 532 1517 cum
551 1480 664 1532 corpore
681 1465 771 1518 fucum

110 1542 231 1608 mittunt,
251 1542 353 1610 effigias
372 1558 479 1610 quoque
498 1541 602 1594 debent
620 1541 730 1595 mittere
748 1541 837 1594 tenvis
937 1555 961 1594 ss

110 1635 155 1672 res
173 1634 304 1686 quaeque,
323 1635 356 1672 ex
376 1634 480 1671 summo
499 1617 625 1684 quoniam
643 1617 796 1670 iaculantur
814 1619 938 1685 utraque.

112 1697 175 1748 sunt
192 1695 277 1761 igitur
294 1694 348 1747 iam
366 1694 513 1746 ferularum
534 1692 649 1760 vestigia
667 1695 743 1746 certa

32 1802 33 1807 =
110 1787 180 1838 quae
199 1770 276 1840 volgo
295 1770 410 1824 volitant
428 1770 522 1838 suptili
539 1768 667 1838 praedita
685 1768 731 1821 filo

111 1863 161 1900 uec
178 1846 334 1914 singillatim
353 1851 467 1915 possunt
486 1848 593 1899 secreta
612 1845 706 1898 videri.

111 1926 254 1991 praeterea
272 1923 358 1975 omnis
375 1922 444 1974 odor
461 1922 551 1974 fumus
569 1938 653 1989 vapor
671 1924 755 1990 atque
773 1922 842 1976 aliae
859 1940 904 1975 res
938 1938 962 1976 oo

111 1999 263 2053 consimiles
280 1999 342 2052 ideo
361 1998 474 2052 diffluae
492 2015 508 2051 e
526 1997 608 2051 rebus
625 1997 773 2064 abundant,

112 2092 146 2128 111
165 2075 220 2128 alto
238 2076 301 2143 quia
319 2075 384 2127 dum
403 2075 516 2128 veniunt
533 2074 698 2128 intrinsecus
717 2078 802 2137 ortae,

112 2152 273 2205 scinduntur
291 2168 340 2220 per
358 2151 412 2204 iter
430 2150 540 2218 flexum,
559 2167 609 2203 nec
627 2154 703 2204 11111
720 2150 825 2203 viarum

113 2227 183 2281 ostia
201 2231 264 2280 sunt
283 2244 337 2295 qua
355 2227 522 2280 contendant
541 2227 617 2280 exire
635 2229 750 2280 coortae.

112 2305 142 2356 at
160 2307 255 2356 contra
273 2304 363 2356 tenuis
382 2303 480 2356 summi
498 2303 656 2356 membrana
674 2303 773 2356 coloris
940 2316 965 2356 os

111 2397 172 2434 eum
189 2380 295 2447 iacitur,
313 2380 351 2433 nil
369 2380 502 2447 estquod
521 2396 582 2432 eam
600 2379 755 2448 discerpere
773 2379 866 2448 possit,

23 2466 32 2480 ⁵
112 2457 140 2509 11
158 2463 288 2526 promptu
306 2457 431 2525 quoniam
450 2459 493 2509 est
510 2456 537 2507 in
556 2457 644 2524 prima
661 2455 752 2508 fronte
768 2454 863 2509 locata.

113 2537 252 2602 postremo
271 2533 388 2602 speculis
405 2533 433 2585 in
452 2550 524 2601 aqua
542 2532 742 2600 splendoreque
755 2533 782 2584 in
801 2533 873 2584 oumi

113 2625 300 2677 quaecumque
318 2613 452 2678 apparent
470 2608 547 2661 nobis
566 2608 718 2674 simulacra,
737 2614 883 2674 necessest,

113 2684 334 2753 quandoquidem
353 2684 432 2737 simili
451 2685 541 2753 speeie
559 2689 623 2739 sunt
641 2685 767 2754 praedita
783 2700 875 2737 rerum
930 2698 966 2737 100

114 2762 228 2827 11111111,
247 2761 409 2829 imaginibus
427 2762 516 2815 missis
535 2763 682 2816 consistere
700 2777 799 2814 rerum,

114 2852 166 2883 ΝΛΜ
177 2852 225 2884 OUR
236 2853 292 2884 ILLA
303 2852 400 2884 CADANT
410 2853 485 2885 MAGIS
496 2855 528 2885 AB
539 2853 666 2892 REBUSQUE
678 2851 804 2884 RECEDAN'I'

43 2925 46 2930 ·
114 2917 167 2949 ΝΛΜ
178 2918 243 2956 QUAE
254 2919 348 2952 TENVIA
359 2920 421 2952 SUNT
431 2920 571 2952 mscuumsr
581 2920 664 2952 Nutha
676 2921 789 2952 Pouususs

114 2987 178 3036 suut
194 2984 279 3050 igitur
297 2988 393 3040 tenues
410 2986 514 3038 formae
532 3000 624 3037 rerum
643 2985 798 3050 similesque

114 3059 227 3126 effigias,
246 3061 402 3128 singillatim
421 3077 490 3129 quas
507 3076 619 3113 cernere
637 3076 716 3113 nemo
931 3073 966 3112 105

115 3150 177 3187 eum
195 3136 282 3203 possit
299 3139 399 3203 tamen,
417 3136 532 3190 adsiduo
550 3136 701 3203 crebroque
719 3135 831 3204 'repulsu

114 3209 232 3264 reiectae
250 3211 370 3265 reddunt
388 3211 559 3280 speculorum
581 3228 615 3265 ex
633 3226 752 3279 aequore
770 3210 866 3276 visum,
