2234 3526
576 111 607 167 V
968 116 1021 174 151

174 230 224 284 per
241 215 345 268 caelum
362 215 434 270 volvi
452 213 518 286 quia
534 232 588 269 nox
606 219 635 269 ct
652 215 717 270 lurra
734 216 853 287 videtur,

173 292 237 346 luna
255 292 313 346 dies
331 295 360 346 et
377 309 431 346 nox
449 297 478 347 ct
495 293 584 345 noctis
603 293 680 360 signa
697 309 792 347 severa
978 311 1026 352 neo

174 369 386 437 noctivagaeque
404 369 477 423 laces
495 368 563 422 caeli
581 368 763 438 flammaeque
780 371 910 442 volantes,

174 445 266 498 nubila
284 445 324 498 sol
342 445 443 498 imbres
460 445 508 498 nix
525 446 600 499 renti
618 446 731 508 fulmina
748 448 853 516 grando

175 527 204 576 et
221 523 310 592 rapidi
327 522 452 577 fremitus
469 526 498 576 et
516 539 657 578 murmura
674 541 772 592 magna
790 525 931 580 minarum.

210 599 232 652 Ο
251 617 338 668 genus
355 600 448 653 infelix
466 599 622 668 humanum,
640 601 707 654 talia
724 601 794 654 divis

174 693 235 730 eum
253 677 350 730 tribuit
367 677 440 730 facta
457 681 541 744 atque
558 676 613 728 iras
630 677 756 732 adiunxit
773 677 900 731 acerbas!
978 693 1025 732 nee

173 755 290 821 quantos
308 757 365 806 tum
384 753 504 820 gemitus
521 752 575 822 ipsi
593 752 652 821 sibi,
671 757 826 822 quantaque
844 754 922 807 nobis

174 829 291 896 volnera,
310 845 377 896 quas
394 829 519 882 lacrimas
537 846 670 899 peperere
688 830 829 883 minoribu'
847 831 961 884 nostris!

173 922 224 959 nee
241 906 330 974 pietas
348 905 430 958 ullast
448 905 568 959 velatum
588 922 669 974 saepe
688 907 775 960 videri

174 983 275 1035 vertier
292 982 328 1035 ad
345 981 464 1050 lapidem
483 985 566 1050 atque
584 983 670 1036 omnis
689 982 821 1036 accedere
839 981 876 1034 ad
893 998 954 1036 aras

172 1074 222 1112 nee
230 1057 410 1127 procumbere
418 1058 492 1111 humi
501 1061 670 1127 prostratum
680 1062 709 1112 et
718 1058 839 1127 paudere
848 1058 952 1126 palmas
977 1071 1025 1111 1000

172 1137 237 1188 ante
255 1134 337 1188 deum
355 1134 470 1187 delubra
487 1151 536 1188 nce
555 1151 616 1188 aras
635 1136 765 1202 sanguine
783 1134 870 1188 multo

173 1227 301 1279 spargere
319 1210 528 1278 quadrupedum
546 1228 597 1264 nec
615 1211 686 1264 votis
703 1214 814 1268 nectere
832 1213 903 1278 vota,

172 1286 222 1340 sed
239 1302 318 1354 mage
336 1289 435 1355 pacata
451 1303 532 1354 posse
551 1287 641 1340 omnia
659 1291 752 1340 mente
771 1287 852 1341 tueri.

172 1378 235 1416 nam
253 1380 314 1416 cum
333 1363 493 1432 suspicimus
511 1364 603 1430 magni
621 1363 750 1417 caelestia
767 1363 863 1417 mundi

172 1439 283 1507 templa,
296 1455 378 1508 super
390 1439 530 1508 stellisque
542 1439 706 1493 micantibus
718 1439 832 1493 aethera
844 1439 936 1507 lixum,
976 1455 1024 1493 1205

172 1517 202 1568 et
220 1516 295 1569 venit
312 1515 340 1569 in
359 1519 481 1571 mentem
498 1516 561 1569 solis
578 1516 714 1584 lunaeque
731 1516 845 1582 riarum,

171 1593 237 1645 tune
255 1591 316 1646 aliis
333 1608 464 1661 oppressa
480 1591 560 1646 malis
578 1591 606 1645 in
624 1597 736 1660 pectora
754 1609 820 1646 cura

171 1667 218 1720 illa
235 1684 344 1735 quoque
363 1667 585 1736 expergefactum
604 1671 687 1736 eaput
705 1667 811 1736 erigere
829 1669 898 1736 infit,

171 1759 276 1812 nequae
294 1744 365 1797 forte
385 1743 467 1796 deum
485 1743 564 1797 nobis
582 1744 704 1797 inmensa
721 1748 843 1812 potestas

102 1818 106 1825 '
171 1819 213 1886 sit,
233 1820 307 1873 vario
325 1823 402 1872 motu
421 1835 492 1886 quac
510 1819 626 1873 candida
644 1820 736 1873 sidera
753 1824 851 1874 verset.
977 1833 1025 1893 1010

170 1899 289 1964 temptat
307 1896 379 1950 enim
398 1894 510 1948 dubiam
528 1900 648 1949 mentem
666 1896 778 1950 rationis
796 1899 913 1964 egestas,

170 1988 335 2040 ecquaenam
352 1971 437 2028 fuerit
456 1972 549 2026 mundi
567 1972 695 2040 genitalis
713 1973 796 2040 origo,

170 2051 199 2100 00
217 2048 297 2102 simul
315 2065 417 2117 ecquae
435 2049 471 2102 sit
488 2049 558 2117 finis,
576 2047 668 2117 quoad
685 2049 793 2102 moenia
810 2048 905 2101 nrrrndi

170 2124 278 2176 solliciti
295 2128 386 2178 motus
404 2125 475 2178 hunc
493 2125 599 2193 possint
616 2125 689 2178 ferre
707 2125 836 2191 laborem,

170 2216 205 2254 an
224 2199 354 2252 divinitus
372 2203 484 2252 aeterna
501 2200 603 2253 donata
622 2200 710 2253 salute

169 2279 303 2344 perpetuo
321 2275 429 2344 possint
446 2275 506 2327 aeri
524 2274 644 2328 labentia
661 2278 753 2328 tractu

169 2351 284 2405 inmensi
302 2350 405 2404 validas
423 2350 483 2403 aevi
502 2354 676 2403 contemnere
694 2350 767 2402 viris.

124 2425 141 2444 Χ
168 2430 313 2497 praeterea
331 2426 374 2480 eui
391 2442 445 2478 non
464 2425 569 2480 animus
587 2424 732 2478 formidine
750 2424 843 2478 divum

169 2503 345 2568 contrahitur,
364 2501 408 2555 eui
425 2518 479 2554 uon
496 2503 644 2568 correpunt
662 2500 785 2555 membra
802 2516 910 2568 pavore,

168 2578 287 2633 fulminis
303 2577 427 2632 horribili
445 2594 507 2630 cunr
525 2577 606 2646 plaga
623 2576 728 2630 torrida
746 2576 828 2630 tellus
973 2589 1020 2628 1000

169 2655 316 2709 contremit
333 2657 362 2708 et
379 2670 508 2722 maguum
527 2656 691 2722 percurrunt
708 2669 848 2706 murmura
864 2651 986 2705 caelum?

169 2748 222 2784 uon
240 2730 333 2800 populi
350 2733 500 2797 gentesque
517 2732 647 2797 tremunt,
665 2744 798 2797 regesque
816 2726 927 2796 superbi

169 2807 321 2876 corripiunt
339 2807 431 2860 divum
448 2806 571 2876 percussi
589 2805 712 2859 membra
729 2805 835 2871 timore,

168 2883 270 2952 nequid
287 2884 322 2937 ob
341 2882 490 2936 admissum
508 2883 588 2936 foede
606 2881 744 2936 dictumve
762 2879 881 2950 superbe

168 2976 317 3027 poenarum
334 2975 418 3026 grave
436 2959 472 3012 sit
490 2957 614 3013 solvendi
631 2961 740 3026 tempus
758 2956 900 3011 adultuml
970 2969 1017 3010 1000

168 3051 274 3089 summa
291 3036 375 3089 etiam
392 3050 453 3087 eum
470 3034 512 3088 vis
529 3035 642 3088 violenti
659 3051 710 3103 per
726 3051 802 3088 mare
820 3033 895 3087 venti

166 3112 387 3181 induperatorem
406 3111 500 3165 elassis
517 3127 600 3180 super
616 3127 735 3179 aequora
752 3110 837 3164 verrit

163 3205 230 3244 eum
247 3188 345 3244 validis
362 3188 466 3259 pariter
482 3187 636 3257 legionibus
653 3191 737 3257 atque
755 3187 916 3258 elephantis,
