2252 3530
24 121 240 212 „¹225stst
336 119 471 220 χὼ
522 113 599 176 Ili
673 123 824 182 :ww-¹
877 111 1032 180 imm.-

109 225 231 278 ineidere
249 240 283 276 cx
302 215 401 292 supero
420 222 567 275 levioribus
585 226 670 290 atque
687 222 727 275 ita
744 221 840 290 plagae

110 302 222 388 gignere
241 316 311 368 quae
328 299 434 367 possint
451 298 578 366 genitalis
597 299 714 352 reddere
733 303 831 365 motus,

79 377 186 464 ,avius
204 393 220 428 a
238 391 302 428 vera
320 374 398 441 longe
416 376 522 428 ratione
540 374 652 428 recedit
722 383 729 395 '

92 447 176 506 unm
185 468 235 520 per
247 468 332 520 aquas
343 469 531 520 quaecumque
541 452 643 505 cadunt
652 455 737 520 atquc
745 469 810 505 aera
818 466 919 517 ramni,
928 464 964 502 ase

110 531 177 585 haec
195 547 245 599 pro
263 529 429 599 ponderibus
447 548 524 584 casus
542 531 663 584 celerare
680 532 818 582 necessest

110 610 257 675 propterea
275 607 339 675 quia
358 623 456 675 eorpus
474 623 562 676 aquae
579 611 732 674 naturaque
749 605 839 658 tenvis

24 695 37 748 ᾗ
80 678 92 688 ’
110 683 182 736 acris
199 683 266 736 haut
284 686 399 754 possunt
417 699 504 751 aeque
522 699 581 736 rem
600 699 738 751 quamque
756 678 865 745 morari,

111 759 161 812 scd
179 759 259 813 citius
277 759 379 812 cedunt
397 759 567 827 gravioribus
585 761 755 828 exsuperata.
771 771 792 787 r

111 837 140 888 at
158 835 338 889 eontra‘nulli
357 834 391 888 de
410 836 484 889 nulla
503 839 582 904 parte
601 852 690 903 nequo
708 833 763 887 ullo
927 846 962 884 aar

110 914 236 978 tempore
254 911 334 964 inane
353 915 446 980 potest
464 928 578 965 vacuum
598 911 748 965 subsistere
765 909 814 977 rei,

112 987 185 1055 quin,
203 1004 252 1041 sua
270 988 344 1056 quod
361 992 460 1042 natura
476 989 555 1057 petit,
575 988 725 1041 concedere
742 987 855 1054 pergat3

111 1064 202 1116 omnia
220 1067 388 1132 quapropter
408 1064 511 1118 debent
528 1082 578 1133 per
595 1065 674 1117 inane
694 1064 817 1132 quietum

111 1156 198 1206 aeque
215 1140 383 1208 ponderibus
400 1158 454 1194 non
472 1142 566 1209 aequis
584 1141 690 1193 concita
707 1139 782 1192 ferri.

111 1214 185 1268 haud
203 1216 286 1284 igitur
304 1221 435 1287 poterunt
452 1218 598 1272 levioribus
616 1217 737 1269 incidere
756 1228 883 1281 umquam
927 1225 963 1264 aro

112 1308 145 1346 ex
164 1309 261 1361 supero
279 1294 404 1362 graviora
422 1311 510 1362 neque
529 1295 599 1348 ictus
617 1293 729 1361 gignere
746 1307 797 1358 per
815 1304 844 1341 se

111 1367 159 1436 qui
176 1369 284 1423 varient
301 1373 392 1424 motus
410 1387 460 1439 per
478 1386 547 1437 quos
565 1373 663 1422 natura
680 1370 760 1436 gerat
777 1381 829 1418 res.

112 1461 196 1512 quare
214 1445 296 1498 etiam
315 1449 399 1515 atque
417 1447 500 1500 etiam
520 1445 631 1514 paulum
650 1443 780 1497 inclinare
799 1445 937 1494 necessest

111 1535 239 1588 cerpora;
257 1537 307 1574 nec
325 1522 386 1591 plns
405 1538 487 1589 quam
507 1521 656 1588 minimum,
676 1537 711 1572 ne
730 1518 834 1585 fingere
852 1520 945 1569 motus

111 1595 235 1662 obliquos
254 1597 395 1651 videamur
414 1601 444 1651 et
461 1596 491 1650 id
509 1614 554 1651 res
572 1614 636 1650 vera
654 1596 764 1648 refutet.
927 1607 964 1644 245

111 1687 229 1740 namque
240 1672 291 1726 hoc
303 1672 331 1726 in
344 1677 473 1742 promptu
485 1675 715 1740 manifestumque
728 1687 788 1724 esse
801 1669 934 1734 ridemus,

111 1747 241 1816 pondera,
255 1751 428 1818 quantumin
441 1754 505 1815 aest,
518 1768 572 1803 non
584 1766 664 1818 posse
677 1748 787 1815 obliqua
800 1762 900 1812 meare,

113 1841 146 1878 cx
165 1841 262 1892 supere
281 1843 341 1878 cum
360 1827 551 1895 praecipitant,
570 1826 644 1893 quod
663 1839 775 1877 eernere
793 1821 886 1890 possis.

112 1901 162 1953 scd
180 1901 216 1952 nil
236 1902 344 1954 omnino
364 1909 439 1956 rocta
456 1903 567 1970 regione
585 1902 639 1956 viai

113 1976 250 2030 declinare
269 1977 330 2044 quis
349 1979 456 2046 estqui
475 1981 561 2047 possit
580 1993 692 2032 cernere
711 1975 746 2029 dc
765 1975 811 2028 set
927 1987 965 2026 auo

149 2052 273 2120 Denique
285 2053 315 2107 'si
333 2071 442 2123 semper
459 2059 550 2108 motus
569 2053 722 2108 conectitur
739 2049 827 2103 omnis

104 2132 142 2184 et
159 2132 253 2182 vetere
270 2129 393 2182 exoritur
410 2147 520 2198 comper
537 2147 622 2183 novus
640 2129 736 2182 ordine
754 2129 831 2180 certo

113 2221 162 2257 nec
181 2205 342 2262 declinando
360 2206 463 2260 faciunt
481 2206 630 2275 primordia
648 2208 739 2258 motus

112 2280 273 2348 principium
293 2282 431 2350 quoddam
450 2283 525 2352 quod
542 2284 590 2337 fa
571 2288 592 2337 1
609 2281 720 2336 foedera
738 2280 854 2344 rumpat,

113 2372 147 2408 ex
164 2357 271 2411 infinito
290 2375 325 2411 ne
343 2375 420 2412 cause
414 2377 451 2412 m
469 2376 550 2412 causa
568 2362 708 2448 sequatur,
927 2365 964 2404 2⁵⁵

56 2501 58 2506 ,
112 2432 198 2486 libera
215 2450 265 2502 per
283 2439 372 2488 terras
390 2437 463 2489 unde
481 2437 548 2489 haee
567 2436 687 2489 animant
675 2433 749 2488 tibus
768 2416 866 2495 exstat,

112 2509 185 2563 unde
204 2512 558 2579 esthneqmquam,afatis
576 2512 667 2564 avolsa
684 2513 807 2579 potestas

112 2602 162 2654 per
179 2604 261 2654 quam
279 2588 471 2656 progredimur
489 2604 542 2655 quo
561 2587 636 2641 ducit
654 2603 789 2655 quemque
805 2591 930 2646 voluntas

114 2661 279 2716 declinamus
297 2664 363 2717 item
382 2667 473 2717 motus
491 2680 541 2717 nee
559 2668 684 2732 tempore
702 2667 777 2716 certo

113 2754 162 2790 nec
180 2740 290 2806 regione
307 2741 359 2794 ioci
377 2743 460 2806 certa,
480 2740 529 2792 scd
547 2740 594 2793 ubi
611 2741 671 2808 ipsa
688 2738 754 2792 tulit
771 2742 865 2795 mensi
929 2754 965 2793 aon

84 2867 90 2885 Ι
113 2829 175 2867 nam
195 2815 278 2869 dubio
296 2817 390 2885 procul
408 2816 451 2869 his
468 2816 551 2869 rebus
570 2833 619 2868 sua
636 2816 735 2883 cuique
753 2815 878 2869 voluntas

113 2891 275 2959 principium
294 2893 342 2946 dat
361 2897 389 2946 et
407 2893 469 2945 hinc
488 2895 578 2945 motus
596 2909 646 2961 per
663 2891 787 2944 membra
804 2892 935 2960 rigantur.

114 2982 202 3019 nonne
220 2969 297 3022 vides
316 2969 399 3022 etiam
418 2969 563 3036 patefactis
581 2973 705 3037 tempore
722 2972 825 3037 puncto

114 3044 267 3097 carceribus
285 3062 339 3097 non
356 3061 436 3112 posse
454 3049 547 3098 tamen
564 3061 742 3114 prorumpere
760 3049 892 3112 equorum

115 3117 168 3169 vim
181 3119 326 3192 cupidam
320 3124 378 3173 tam
391 3119 426 3172 de
438 3120 528 3174 subito
540 3138 621 3188 quam
633 3137 709 3173 mens
722 3121 804 3174 avet
796 3121 874 3189 rpsai
930 3134 966 3172 nes

115 3193 202 3248 omnis
220 3193 291 3249 enim
310 3181 353 3249 tot
341 3199 399 3249 tum
417 3212 582 3266 percorpus
600 3197 724 3251 materiai
