2234 3526
546 141 593 198 Vl
940 147 997 204 183

144 256 261 312 qnorum
280 243 395 312 quisque
413 260 490 297 smum
508 248 618 314 proprie
636 266 694 302 rem
712 245 830 320 percipit
848 252 875 304 in
893 267 931 304 se.
958 262 997 304 ast

144 337 208 374 nam
226 324 371 388 penetrare
389 320 442 374 alio
461 322 565 376 sonitus
582 324 692 395 alioque
710 343 835 396 saporem

145 399 280 453 cernimus
298 414 314 450 e
331 397 411 464 sucis,
429 398 482 451 alio
500 399 603 454 nidoris
621 402 725 457 odores.

99 496 131 528 aar
145 480 291 546 praeterea
308 492 418 528 manare
436 474 511 528 aliud
528 494 579 545 per
596 495 661 533 saxa
679 479 796 547 videtur,
959 497 996 536 aaa

146 558 230 622 atque
248 552 322 606 aliud
339 553 427 620 lignis,
445 553 519 605 aliud
536 555 653 609 transire
671 573 722 625 per
739 575 843 624 aurum,

146 635 315 701 argentoque
331 631 404 684 foras
422 629 497 683 alind
515 631 640 700 vitroque
657 649 756 687 meare.

145 725 209 760 nam
227 707 312 761 fluere
330 706 380 760 hac
398 707 510 776 species,
528 707 589 760 illae
607 709 681 761 calor
698 710 738 762 ire
755 710 873 779 videtur,

97 802 132 836 aa
146 789 230 854 atque
248 783 308 838 aliis
326 783 393 836 aliut
410 783 491 854 citius
509 786 697 839 transmittere
714 787 817 840 eadem.

146 861 250 915 scilieet
268 860 297 913 id
315 860 376 913 lieri
393 861 466 928 cogit
482 864 581 914 natura
598 862 702 915 viarum
958 881 995 920 aas

145 937 315 991 multimodis
333 938 447 1006 varians,
464 942 496 991 ut
513 938 593 1008 paulo
611 939 781 994 ostendimus
798 946 870 1009 ante,

97 1017 260 1084 eapropter
277 1013 436 1068 dissimilem
454 1018 580 1068 naturam
598 1019 730 1084 textaque
748 1033 847 1071 rerum.

97 1105 132 1137 aa
183 1091 363 1161 Quapropter,
380 1090 450 1144 bene
467 1091 515 1144 nbi
532 1091 600 1146 haec
618 1093 777 1148 confirmata
794 1098 878 1164 atque
895 1095 983 1148 locata

147 1168 237 1222 omnia
255 1169 429 1223 constiterint
445 1169 524 1222 nobis
540 1175 687 1239 praeposta
703 1175 807 1240 parata,

146 1247 221 1315 quod
238 1249 371 1316 superest,
383 1246 462 1299 facile
477 1246 540 1300 hine
556 1248 626 1300 ratio
639 1248 774 1303 reddetur
786 1254 815 1303 et
827 1250 914 1302 onmis
947 1264 995 1303 moe

146 1340 227 1377 eausa
245 1324 359 1392 patefiet
377 1340 447 1391 quae
465 1323 530 1376 ferri
549 1323 669 1392 pelliciat
686 1325 747 1379 vim.

145 1401 279 1470 principio
297 1399 382 1453 liuere
400 1417 415 1453 e
433 1399 523 1469 lapide
542 1399 593 1452 hec
610 1401 747 1468 permulta
764 1407 903 1456 necessest

147 1478 251 1531 semina
271 1478 327 1531 sive
348 1480 455 1530 aestum
473 1479 519 1546 qui
538 1477 651 1530 discutit
668 1495 732 1531 aera
749 1479 843 1547 plagis,

144 1557 218 1609 inter
236 1555 283 1623 qui
301 1553 420 1623 lapidem
438 1554 595 1622 ferrumque
613 1559 655 1608 est
673 1573 788 1625 cumque
806 1557 915 1610 locatus.

145 1633 197 1686 hoe
215 1632 262 1685 ubi
279 1631 398 1684 inanitur
415 1631 533 1700 spatium
551 1631 707 1700 multusque
726 1633 824 1687 vaeefit
946 1647 993 1686 1005

144 1710 173 1762 in
191 1708 281 1762 medio
300 1707 381 1774 locus,
400 1706 538 1776 extemplo
555 1709 704 1777 primordia
721 1710 786 1763 ferri

145 1787 174 1841 in
193 1801 304 1839 vaenum
322 1785 450 1853 prolapsa
468 1784 570 1838 cadunt
588 1786 736 1854 coniuncta,
755 1788 787 1842 iit
805 1793 890 1856 utque

145 1863 242 1917 anulus
260 1863 318 1930 ipse
336 1866 467 1929 sequatur
484 1865 584 1930 eatque
601 1862 641 1916 ita
659 1881 771 1932 corpore
789 1868 856 1920 tote.

145 1956 196 1994 noc
213 1955 258 1993 res
275 1938 330 1991 ulla
347 1939 434 2006 magis
451 1938 616 2006 primoribus
633 1957 667 1993 aa
684 1941 826 1996 elementis

146 2015 308 2083 indupedita
326 2015 382 2067 suis
399 2017 460 2070 arte
477 2031 579 2068 conexa
596 2017 724 2072 cohaeret
947 2035 995 2074 1010

146 2109 229 2162 quam
247 2091 330 2146 validi
349 2091 414 2144 seiri
432 2094 531 2146 natura
548 2095 578 2145 et
596 2093 712 2160 frigidus
729 2093 832 2150 horror.

146 2186 201 2240 quo
219 2169 308 2222 minus
327 2172 369 2221 est
387 2167 495 2234 mirum,
514 2169 587 2238 qnod
605 2168 706 2222 dicitur
723 2185 756 2217 Ex
772 2183 913 2239 mannans,

146 2262 260 2316 corpora
278 2245 300 2298 si
318 2246 458 2312 nequeunt
476 2260 491 2295 e
509 2244 582 2296 ferro
599 2244 679 2311 plura
696 2250 788 2300 coorta

145 2325 174 2377 in
192 2339 306 2377 vacuum
323 2321 396 2386 ferri,
415 2319 480 2387 quin
497 2319 594 2372 anulus
610 2319 670 2386 ipse
688 2327 834 2390 sequatu1·;

146 2400 221 2470 quod
238 2399 311 2464 iacit,
329 2400 358 2451 ct
376 2396 507 2464 seqnitur,
525 2395 611 2449 donec
628 2398 754 2464 pervenit
770 2399 806 2452 ad
824 2400 911 2468 ipsum
947 2415 994 2456 1015
1012 2447 1014 2452 .

145 2479 200 2531 iam
218 2475 336 2544 lapidem
354 2474 494 2542 caecisque
512 2471 540 2524 in
558 2488 591 2524 eo
608 2474 783 2541 compagibus
801 2476 894 2532 haesit

145 2555 197 2607 hoo
215 2553 248 2606 fit
265 2553 338 2606 idom
357 2553 469 2605 cunctas
487 2550 515 2602 in
531 2549 625 2618 partis,
644 2549 717 2602 unde
735 2554 834 2607 vaceiit

146 2647 263 2698 eumque
281 2628 361 2694 loeus,
380 2628 436 2681 sivo
454 2625 638 2680 etransverso
657 2625 713 2680 sive
732 2645 848 2696 superne

146 2723 261 2775 corpora
278 2707 406 2759 continuo
422 2705 451 2757 in
470 2721 584 2758 vacuum
602 2702 690 2756 vicina
707 2705 838 2760 ferrantur.

146 2783 248 2852 quippe
265 2782 406 2850 agitantur
424 2782 495 2838 enim
512 2781 600 2852 plagis
618 2780 726 2834 aliunde
744 2799 793 2836 nec
811 2783 870 2851 ipsa
946 2798 994 2837 1oao

146 2864 244 2929 sponte
263 2875 312 2913 sna
330 2876 436 2912 sursum
453 2862 570 2931 possunt
588 2874 752 2926 consurgere
771 2859 798 2913 in
817 2877 902 2914 auras.

146 2937 200 2991 huc
218 2936 326 2991 aceedit
343 2937 410 2990 item
428 2942 523 3007 (qnare
540 2941 624 3008 queat
642 2936 671 2990 id
688 2938 775 3006 magis
793 2954 860 3004 esse,

144 3015 213 3069 haec
232 3030 340 3082 quoque
358 3031 402 3068 res
420 3015 577 3071 adiumento
594 3021 726 3085 motuque
744 3015 862 3077 iuvatur)

146 3091 228 3161 quod,
247 3090 327 3143 simul
345 3109 360 3145 a
378 3091 468 3145 fronte
486 3097 530 3147 est
547 3093 628 3148 anelli
646 3094 734 3146 rarior
752 3109 799 3147 aer

145 3170 234 3223 faetus
252 3167 425 3238 inanitusque
441 3169 515 3223 locus
532 3171 619 3240 magis
636 3187 667 3224 ae
685 3174 821 3237 vacuatus,
949 3183 996 3222 1025

92 3246 275 3300 oeconomo
294 3245 326 3299 fit
344 3246 384 3299 uti
404 3247 449 3316 qui
468 3251 531 3316 post
549 3252 591 3302 est
609 3265 724 3316 eumque
742 3247 847 3302 locatus
