2252 3530
114 149 151 204 98
502 147 575 205 IIII

110 267 161 304 nee
180 255 295 320 possunt
312 251 382 304 oculi
401 253 526 304 naturam
544 267 656 304 noscere
675 268 773 305 rerum.

109 327 225 396 proinde
244 327 327 380 animi
345 327 441 380 vitium
459 327 510 380 hee
529 327 613 381 oeulis
631 327 772 396 adfingere
791 329 855 383 noli.

110 421 166 472 qua
183 403 309 456 vehimur
326 403 395 470 navi,
413 403 508 470 fertur,
528 420 588 456 euni
607 408 680 457 stare
700 405 824 472 videtur;

110 498 181 550 quae
200 484 293 533 manet
310 480 338 532 in
358 481 483 545 statione,
501 497 533 534 ea
551 484 661 548 praeter
681 482 802 536 ereditur
820 484 860 538 ire

110 561 140 610 et
157 557 251 624 sugere
271 557 307 609 ad
325 557 439 626 puppim
459 556 540 610 colles
559 561 701 628 campique
721 560 848 614 videntur

111 652 179 704 quos
197 635 303 702 agimus
321 640 431 702 praeter
451 651 545 688 navem
565 636 685 704 velisque
704 637 831 691 volamus.

110 712 201 766 sidera
220 727 326 764 cessare
346 711 475 764 aetheriis
495 712 586 766 adfixa
605 731 727 767 cavernis

111 794 209 842 cuneta
228 789 361 854 videntur,
382 793 410 842 et
431 788 545 844 adsiduo
564 794 628 844 sunt
646 790 736 843 omnia
753 795 837 857 motu,

110 865 331 935 queruloquidem
352 865 447 934 longos
467 867 558 921 obitus
577 871 673 920 exorta
691 867 819 933 revisunt,

112 959 172 995 eum
191 959 337 1012 permensa
356 959 404 996 suo
423 947 487 997 sunt
505 942 609 996 caeluni
628 959 741 1012 corpore
759 943 839 996 claro.

112 1019 205 1088 solque
224 1021 283 1089 pari
302 1021 407 1073 ratione
425 1037 536 1073 manere
554 1024 583 1073 et
600 1020 664 1072 luna
683 1019 812 1073 videntur

111 1097 138 1149 in
158 1098 283 1162 statione,
302 1113 335 1149 ea
353 1113 423 1164 quae
440 1097 505 1150 ferri
525 1113 568 1150 res
586 1096 692 1150 indicat
710 1097 775 1166 ipsa.

113 1175 301 1240 exstantisque
320 1173 412 1242 procul
432 1174 520 1226 medio
540 1173 574 1226 de
593 1175 701 1240 gurgite
719 1175 821 1226 muntii

112 1345 246 1398 classibus
265 1347 337 1398 iuter
356 1362 425 1414 quus
444 1345 512 1398 liber
531 1349 609 1410 putet
627 1344 717 1397 exitus
735 1344 838 1410 ingens,

112 1422 199 1475 insula
222 1423 371 1475 coniunctis
390 1427 482 1474 tamen
501 1438 534 1474 ex
554 1420 596 1473 his
615 1436 668 1473 una
686 1419 802 1474 videtur.

112 1497 182 1552 atria
203 1498 304 1551 versari
323 1502 352 1551 et
370 1498 583 1551 circumcursare
602 1497 742 1551 columnae

113 1591 200 1643 usque
219 1574 288 1628 adeo
307 1575 338 1628 fit
356 1574 396 1627 uti
414 1575 506 1643 pueris
524 1574 676 1639 rideantur,
694 1571 741 1625 ubi
760 1573 813 1642 ipsi

114 1651 257 1704 desierunt
275 1651 351 1714 verti,
370 1650 415 1703 vix
433 1650 537 1703 utiam
556 1651 668 1703 credere
687 1648 791 1717 possint

114 1744 167 1780 nen
186 1744 269 1796 supra
287 1743 345 1780 sese
364 1743 442 1780 ruere
461 1727 549 1779 omnia
567 1730 641 1780 tecta
659 1725 764 1779 minari.

112 1805 222 1873 iamque
241 1803 354 1856 rubrum
373 1803 496 1856 tremulis
515 1802 593 1855 iubar
612 1802 721 1870 ignibus
739 1803 844 1870 erigere
862 1801 917 1854 alte

114 1897 174 1933 eum
195 1883 305 1948 coeptat
323 1882 422 1932 natura
440 1896 575 1947 supraque
595 1879 727 1932 extoliere
745 1882 860 1944 montes,
928 1891 964 1932 rut

113 1973 180 2025 quus
199 1957 249 2009 tibi
269 1959 328 2009 tum
347 1972 429 2024 supra
449 1956 487 2008 sel
508 1957 608 2010 montis
627 1974 687 2010 esse
705 1956 814 2010 videtur

113 2033 262 2086 comminus
282 2032 340 2101 ipse
359 2049 406 2084 suo
427 2033 586 2101 contingens
605 2033 727 2087 fervidus
744 2033 807 2101 igni,

113 2111 157 2162 vix
176 2109 275 2162 absunt
293 2108 369 2161 nobis
387 2108 485 2162 missus
505 2108 548 2162 bis
566 2110 639 2164 mille
658 2110 782 2178 sagittae,

113 2187 157 2238 iix
176 2185 259 2238 etiam
277 2202 371 2238 cursus
390 2186 551 2254 quingentos
571 2203 652 2256 saepe
670 2185 767 2240 veruti.

112 2264 185 2317 inter
204 2279 250 2315 eos
269 2262 405 2328 solemque
425 2262 515 2326 iacent
533 2264 660 2316 immania
678 2262 754 2332 ponti

113 2356 231 2409 aequora
250 2339 388 2392 substrata
408 2340 536 2394 aetheriis
555 2339 709 2410 ingentibus
728 2338 790 2405 oris,

113 2417 310 2484 interiectaque
329 2421 392 2470 sunt
412 2420 548 2470 terrarum
567 2417 641 2469 milia
658 2415 745 2468 multa

115 2509 185 2561 quae
203 2494 293 2546 variae
311 2495 430 2548 retinent
450 2499 546 2563 gentes
565 2497 593 2547 et
612 2493 700 2547 saecla
717 2492 843 2545 ferarum.

114 2574 143 2623 at
162 2571 299 2624 conlectus
318 2589 403 2640 aquae
424 2572 538 2640 digitum
558 2588 611 2624 non
630 2569 711 2622 altior
728 2585 820 2630 unum,

113 2648 160 2715 qui
180 2647 285 2716 lapides
303 2648 375 2701 inter
394 2648 467 2702 sistit
485 2666 534 2716 per
554 2651 641 2702 strata
659 2646 770 2709 viarum,
929 2655 965 2696 415

115 2724 273 2793 despectum
293 2725 409 2794 praebet
429 2725 479 2776 sub
498 2729 586 2778 terras
604 2723 697 2792 inpete
714 2724 801 2787 tante,

113 2817 130 2852 u
149 2801 229 2854 terris
248 2807 379 2869 quantum
399 2801 466 2854 caeli
485 2803 561 2869 putet
580 2800 651 2852 altus
669 2798 775 2860 hiatus;

114 2876 208 2930 nubila
225 2875 359 2946 dispicere
379 2885 408 2931 et
426 2877 530 2931 eaelum
550 2883 582 2929 ut
600 2876 708 2928 videare
726 2873 828 2940 videre,

115 2956 207 3006 cetera
225 2954 348 3007 mirando
368 2954 418 3007 sub
436 2958 525 3007 terras
544 2952 639 3006 abdita
656 2952 738 3005 eaelo.

116 3027 234 3095 denique
253 3029 300 3081 ubi
320 3030 347 3082 in
366 3029 456 3083 medio
474 3029 551 3081 nobis
570 3045 633 3081 ecus
652 3044 715 3082 acer
733 3025 857 3081 obhaesit

116 3103 225 3156 flumine
245 3106 274 3156 et
290 3104 319 3156 in
337 3105 446 3174 rapidas
464 3104 551 3158 amnis
569 3103 743 3175 despeximus
761 3102 856 3168 undas,

116 3179 216 3234 stantis
235 3179 297 3247 equi
316 3199 414 3252 corpus
433 3185 616 3235 transversum
634 3181 707 3235 ferre
726 3180 836 3234 videtur

115 3257 156 3310 vis
174 3258 203 3308 et
221 3255 248 3306 in
267 3255 410 3310 adversum
428 3259 527 3311 flunien
548 3257 712 3310 contrudere
730 3256 839 3324 raptim,
