2252 3530
44 92 699 328 eme-se„
436 196 469 216 -·
314 1 1086 278 etaeWW

186 281 263 320 orum
280 283 365 320 unum
383 265 491 334 quidvis
508 265 660 333 generatim
679 281 787 318 sumere
807 263 900 333 perge,

147 341 269 396 invenies
287 345 380 395 tamen
397 342 470 394 inter
487 358 517 394 se
535 340 645 394 differre
663 340 767 408 liguris.

150 433 200 470 nec
218 419 323 472 ratione
341 418 393 471 alia
412 417 503 486 proles
520 433 683 484 cognoscere
701 419 819 484 matrem

151 509 201 546 nec
220 498 308 547 mater
326 497 419 563 posset
438 493 558 562 prolem3
576 493 651 561 quod
668 509 749 562 posse
767 494 894 547 v1demus
866 468 1093 656 (insse
1038 528 1064 558 ,
1056 523 1094 554 ι

151 586 201 623 nec
219 569 308 622 minus
326 573 409 638 atque
427 569 574 622 hemines'
566 585 594 620 ιιι
596 571 640 621 ter
657 585 687 622 se
704 572 769 622 nota
788 569 885 646 cluens

152 661 214 698 nam
233 663 314 715 saepe
331 649 396 717 ante
414 646 496 698 deum
515 644 616 698 vitulus
635 643 750 698 delubra
767 631 867 700 duum
899 615 984 770 bx*

152 722 313 776 turicremas
331 710 445 809 prepter
463 723 599 774 mactatus
617 721 736 775 concidit
754 738 815 775 aras

152 797 290 865 sanguinis
308 798 436 867 expirans
454 796 572 850 calidum
591 795 627 849 de
644 800 757 865 pectore
775 797 884 851 flumen

152 876 182 926 at
199 877 257 927 mat
258 890 289 927 er
245 873 402 926 triridis
421 873 507 926 saltus
526 872 623 925 orbata
640 889 789 941 peragrans
969 887 1005 926 sss

152 949 240 1003 noscit
258 949 334 1003 humi
352 949 468 1018 pedibus
486 947 601 1016 vestigia
619 965 714 1017 pressa
731 949 849 1017 bisulcis,

153 1026 243 1078 emnia
261 1027 402 1080 convisens
421 1023 507 1078 oeulis
525 1024 585 1078 loca
603 1025 625 1077 si
643 1029 726 1092 queat
743 1042 858 1094 usquam

151 1102 309 1174 conspicere
327 1103 457 1155 amissum
475 1101 571 1168 letum,
589 1101 761 1170 completque
779 1102 908 1170 querellis

150 1169 333 1230 frondiferum
351 1194 447 1230 nemus
466 1176 551 1229 absist
540 1180 601 1229 tens
619 1179 648 1229 et
636 1176 763 1230 terebra
781 1178 875 1231 revisit

151 1252 219 1306 ads
220 1253 344 1306 tabulum
363 1251 500 1305 desiderio
518 1251 754 1321 perfixa1uvenci,
866 1307 870 1316 ,
967 1269 1003 1307 seo

117 1381 120 1389 Ι
151 1345 202 1382 nee
220 1331 332 1382 tenerae
352 1328 447 1381 salices
466 1319 549 1394 atque
566 1326 667 1380 herbae
685 1344 747 1380 rore
765 1327 888 1416 vigentes

151 1404 317 1472 flununaque
336 1405 384 1457 illa
402 1406 506 1473 queunt
524 1403 636 1456 summis
654 1399 773 1456 labentia
791 1404 858 1472 ripis
933 1444 936 1450 .

151 1480 289 1534 oblectare
308 1481 427 1534 animum
446 1482 638 1548 sumptumque
656 1481 780 1532 avertere
799 1496 898 1544 curam,

150 1573 200 1610 nec
218 1557 365 1610 vitulorum
384 1555 451 1608 aliae
471 1555 575 1624 species
593 1572 644 1625 per
661 1553 761 1624 pabula
779 1555 852 1608 laeta

151 1631 274 1686 derivare
293 1635 397 1700 queunt
416 1631 535 1684 animum
557 1647 676 1718 ceraque
693 1631 798 1684 levare.
966 1647 1002 1686 eos
1067 1653 1069 1660 ’

150 1724 237 1776 usque
256 1709 324 1762 adeo
342 1706 472 1776 quiddam
492 1707 633 1776 proprium
651 1709 799 1776 notumque
816 1707 938 1776 requirit.

151 1774 294 1852 praeterea
312 1783 399 1837 teneri
418 1782 544 1835 tremulis
562 1799 623 1836 cum
642 1782 753 1836 vocibus
770 1782 851 1835 haedi

151 1860 305 1941 cornigeras
324 1862 425 1912 norunt
443 1862 545 1912 matres
564 1859 680 1927 agnique
698 1859 801 1927 petulci

151 1921 291 1988 balantum
308 1935 444 2024 pecudes:
464 1935 511 2003 ita,
530 1935 604 2004 quod
622 1938 721 1988 natura
739 1934 865 2003 reposcit,

150 2013 186 2066 ad
204 2029 252 2066 sus
269 2013 384 2081 quisque
402 2012 460 2065 fere
479 2012 629 2065 decurrunt
647 2011 732 2065 ubera
749 2011 834 2064 lactis.
964 2025 1001 2066 370

170 2106 242 2218 lsie
306 2088 421 2156 quodvis
438 2088 558 2141 frument
546 2091 605 2140 tum
623 2104 677 2140 non
695 2090 788 2140 tamen
806 2103 886 2140 omne

454 2163 527 2216 inter
546 2179 574 2216 se
593 2163 678 2215 simile
697 2179 756 2215 esse
774 2161 885 2229 videbis,

22 2111 197 2298 ’ἰώ
150 2257 215 2308 quur
234 2242 399 2294 intercurrat
417 2238 566 2308 quaedam
570 2239 626 2292 dist
614 2239 700 2292 tantia
717 2237 818 2290 formis.

9 2255 367 2398 meonoharmnque
384 2331 470 2381 genus
487 2314 568 2382 parili
587 2313 691 2366 ratione
709 2312 833 2365 videmus
917 2352 921 2364 s

12 2416 60 2486 ια
9 2310 265 2494 Q‘Jepingere
280 2390 387 2443 telluris
405 2390 548 2456 gremium,
567 2405 639 2462 qua
638 2387 763 2440 mollibus
781 2387 860 2440 undis
918 2407 936 2426 υ
965 2401 1003 2440 ³75

149 2466 265 2520 litoris¹
255 2465 361 2519 incurvi
379 2464 500 2517 bibulam
518 2465 594 2533 pavit
612 2457 713 2530 aequor
730 2462 865 2516 harenam.

151 2559 236 2610 quare
254 2543 337 2596 etiam
356 2544 439 2610 atque
458 2541 539 2594 etiam
558 2540 637 2593 simili
655 2539 759 2593 ratione
776 2541 921 2606 necessest,

150 2621 249 2672 natura
267 2617 393 2686 quoniam
412 2620 537 2671 constant
553 2633 642 2685 neque
660 2616 733 2668 faeta
751 2631 833 2667 manu
851 2616 916 2666 sunt

151 2695 230 2748 nnius
249 2695 407 2748 adsertam
426 2694 539 2747 formam
558 2692 707 2763 primordia
724 2706 823 2755 rerum,

151 2770 275 2825 dissimili
292 2770 366 2824 inter
383 2787 412 2823 se
450 2769 567 2823 uaedam
585 2769 699 2822 volitare
717 2767 811 2835 figura.
966 2773 1004 2818 est

186 2847 318 2900 Perfacile
337 2850 379 2900 est
397 2846 446 2900 tali
464 2862 496 2898 ra
509 2862 571 2898 rone
589 2845 729 2898 exsolvere
746 2841 824 2895 nobis

90 2911 130 2951 Ἢ
146 2881 397 3052 wilmus
416 2922 501 2976 multo
520 2921 686 2992 penetralior
703 2919 775 2986 ignis

150 3015 204 3065 qua
295 3003 343 3068 ter
362 3000 421 3052 fuat
439 3016 454 3052 e
473 2999 562 3053 taedis
580 2996 760 3051 terrestribus
777 2995 862 3047 ortus.

150 3073 242 3128 dicere
260 3076 331 3128 enim
350 3076 602 3164 possis·eaelestem
623 3073 742 3127 fulminis
760 3071 850 3138 ignem

151 3151 278 3219 suptilem
296 3152 383 3220 magis
401 3168 416 3204 e
434 3153 525 3221 parvis
543 3155 669 3206 constare
686 3149 781 3218 figuris
965 3156 1001 3195 ³⁸⁵

150 3227 234 3358 atque
251 3226 314 3280 ideo
332 3228 449 3286 transire
467 3228 599 3280 foramina
617 3244 686 3296 quae
703 3224 826 3295 nequit
818 3221 932 3298 rgnis

151 3373 511 3488 Μ)
850 3271 988 3366 ,ιι-ι

774 3480 830 3528 Α»
