2244 3532
108 109 125 165 2
528 105 538 161 l

106 231 160 284 quo
178 215 264 282 magis
282 217 424 268 aeternum
437 213 479 292 da
489 213 585 286 dictis,
598 213 673 285 diva,
692 213 819 282 leporem.

106 292 182 345 effioo
198 295 229 345 ut
248 291 352 344 interea
370 290 428 344 sera
445 307 580 346 moenem.
618 289 696 343 ilitiai

106 379 156 430 per
173 365 257 417 maria
274 381 306 418 ac
324 371 412 418 terras
430 347 517 419 om'nis
535 307 623 435 00ρῇ
640 365 787 434 quiescant.

106 456 168 492 nam
187 444 218 493 tn
237 440 293 494 sola
311 446 389 509 potes
408 443 557 509 tranquilla
575 458 641 510 paco
658 442 751 496 iuvare

107 515 237 584 mortalis,
256 517 382 585 quoniam
402 516 466 569 belli
485 519 543 571 sera
560 534 688 571 moenera
706 517 816 570 hlovors

106 591 273 660 armipotens
291 593 371 660 regit,
390 593 418 644 in
436 593 570 660 gremium
590 593 637 662 qui
655 610 736 662 saepo
756 599 833 646 tuum
853 609 882 646 so

107 668 186 721 reicit
203 673 317 722 aeterno
335 668 459 722 devictus
478 670 589 722 vulnere
607 669 707 722 amoris

107 747 191 812 atque
208 745 248 798 ita
266 745 415 813 suspiciens
434 746 516 800 tereti
535 746 640 800 cervice
658 751 768 814 reposta
821 799 822 803 ,

107 819 195 888 pascit
212 837 304 874 amore
322 821 417 874 avidos
434 821 541 874 inhians
559 823 587 874 in
605 825 642 888 te,
660 821 719 885 dea,
737 822 818 886 visust,

108 913 177 964 eque
195 899 244 954 tuo
261 896 364 964 pendet
382 897 504 965 resupini
523 898 636 966 spiritus
654 915 708 952 ore.

108 972 179 1024 huno
197 975 235 1039 tn,
254 971 325 1038 diva,
342 975 393 1026 tuo
408 973 584 1026 recubantem
604 990 715 1041 corpore
733 977 827 1026 sancto

107 1047 270 1106 circumfusa
288 1063 375 1115 super,
393 1048 483 1100 suavis
502 1065 536 1102 ex
555 1065 602 1102 oro
620 1049 753 1116 loquellas

107 1123 191 1176 fonde
209 1126 306 1191 petens
324 1123 458 1191 placidam
478 1124 614 1191 Ronlanis,
631 1124 740 1190 incluta,
760 1142 860 1194 proceru.

108 1217 169 1252 anain
188 1215 277 1267 neque
294 1215 343 1252 nos
361 1215 442 1266 agere
461 1199 510 1253 hoc
528 1199 627 1268 patriai
645 1205 768 1269 temporo
788 1201 879 1268 iniquo

53 1281 56 1288 '
109 1291 250 1344 possumus
269 1291 355 1344 aequo
373 1274 462 1328 animo
481 1292 531 1328 nec
549 1275 662 1329 Memmi
682 1277 754 1330 clara
772 1291 892 1346 propago

108 1352 208 1404 talibus
225 1351 254 1403 iu
273 1350 354 1404 rebus
372 1351 507 1404 communi
526 1352 605 1406 desso
624 1353 711 1406 saluti.

108 1443 186 1474 OMNES
200 1442 258 1474 uniri
275 1443 319 1474 l'llll
332 1443 359 1474 SE
372 1443 450 1474 DIVUM
464 1443 563 1476 NATURA
578 1444 706 1478 necesses?

108 1513 243 1544 iunoniam
257 1513 321 1544 AEVO
333 1513 418 1544 SUMMA
433 1513 485 1546 CUM
499 1513 559 1546 PACE
572 1515 686 1546 naussum

108 1579 201 1610 ΒΕΜΟΤΑ
211 1581 244 1612 ΑΒ
257 1579 354 1610 n'osThis
367 1579 445 1611 REBUS
458 1579 626 1618 §EIUNUI'AQUE
640 1581 719 1613 LONGE

108 1646 162 1678 Nam
174 1647 277 1697 PlllVA'l'A
292 1647 403 1679 DOLOREM
416 1647 477 1679 OMNI
492 1647 597 1679 exssvere.
610 1648 715 1680 anouls

107 1715 161 1748 u’sa
175 1699 227 1748 8ὰὲ
241 1715 343 1748 Poenulus
357 1715 442 1748 OPIBUS
455 1716 529 1748 NIHIL
540 1715 629 1748 mmuh
642 1717 724 1750 mosum

109 1781 156 1814 Nnc
171 1781 392 1815 nunwsousaims
401 1775 700 1822 emmarrlnmnulruu
712 1785 754 1818 lna

518 1836 532 1869 >lfl

110 1877 183 1946 quod
202 1881 334 1946 superest,
352 1895 448 1932 vacuas
467 1879 540 1932 auris
558 1880 733 1949 animumque
751 1889 874 1950 sagacem

111 1957 244 2008 semotum
263 1971 279 2008 a
297 1955 368 2008 curis
386 1955 488 2009 adhibe
506 1972 598 2008 veram
617 1956 653 2009 ad
671 1958 819 2024 rationem,-

110 2047 144 2083 ne
162 2047 224 2083 mea
241 2030 312 2083 dona
331 2030 381 2084 tibi
400 2031 491 2085 studio
510 2031 632 2099 disposta
650 2031 733 2097 fideli,

109 2106 249 2160 intellecta
266 2106 341 2172 prius
359 2124 440 2176 quom
459 2107 521 2173 sint,
539 2111 698 2176 contempta
715 2109 858 2178 relinquas.

111 2199 172 2235 nam
190 2181 241 2236 tibi
261 2183 296 2235 de
315 2200 419 2236 summa
436 2183 505 2237 caeli
523 2183 628 2236 ratione
647 2185 784 2253 deumque

111 2259 246 2313 disserere
264 2259 391 2328 incipiam
410 2263 439 2314 et
456 2277 548 2313 rerum
566 2259 715 2328 primordia
733 2262 859 2328 pandam,

111 2337 184 2389 unde
202 2336 289 2388 ononis
307 2339 405 2406 natiua
422 2339 498 2390 ercet
515 2353 559 2389 ros
577 2339 670 2390 auctet
687 2337 797 2404 alatque

111 2429 198 2481 quove
216 2412 313 2466 eadem
331 2429 439 2466 rursum
457 2417 556 2468 natura
573 2417 716 2482 perempta
734 2413 860 2480 resolvat,

111 2505 182 2557 quae
200 2505 249 2542 nos
267 2489 408 2542 materiem
428 2491 457 2542 et
474 2489 603 2556 genitalia
621 2506 733 2558 corpora
751 2489 832 2544 rebus

111 2564 255 2618 reddunda
271 2565 299 2617 in
317 2565 423 2617 ratione
440 2581 537 2617 vocare
555 2568 584 2618 ot
602 2566 705 2618 semina
722 2583 814 2620 rernm

111 2641 248 2708 appellare
266 2643 375 2692 suemus
393 2639 507 2693 ethaeo·
524 2639 620 2693 eadem
638 2657 770 2708 usurpare

112 2733 226 2785 corpora
242 2715 339 2784 prima,
358 2715 431 2782 quod
449 2731 483 2768 ex
501 2714 555 2767 illis
574 2717 637 2768 sunt
656 2716 746 2768 omnia
763 2717 866 2784 primis.

148 2793 277 2845 Humana
295 2794 359 2844 ante
377 2790 467 2844 oculos
485 2790 565 2844 foede
583 2807 644 2844 cum
662 2791 719 2844 vita
736 2790 839 2846 iaceret

24 2868 240 2937 &terris
258 2883 388 2936 oppressa
404 2866 481 2934 gravi
500 2865 551 2920 sub
568 2865 699 2934 religiono

104 2959 183 3013 ‚equae
200 2947 283 3011 capnt
301 2960 317 2996 a
333 2943 402 2996 caeli
419 2941 576 3011 regionibus
593 2941 757 2998 ostendebat

60 3014 64 3022 '
112 3020 236 3074 horribili
255 3036 336 3088 super
354 3023 466 3089 aspectu
483 3018 643 3072 mortalibus
660 3020 772 3086 instans,

113 3097 231 3166 primum
251 3096 350 3150 Graius
367 3095 448 3150 homo
465 3095 588 3149 mortalis
604 3096 702 3150 tollere
720 3099 816 3151 contra

114 3176 158 3227 est
175 3173 266 3226 oeulos
286 3189 367 3226 ausus
385 3173 544 3242 primusque
562 3171 696 3227 obsistere
713 3176 815 3239 contra,
850 3179 854 3186 '
