2252 3530
57 24 407 256 &aff
478 9 1109 311 MA&

180 243 302 298 carnrinu
319 242 429 297 consimi
441 241 573 295 ratione
591 256 627 309 op
661 256 722 295 essa
739 200 1032 299 silerentffl

178 336 295 386 namque
313 318 372 371 aliis
390 317 463 371 aliud
481 317 665 387 praestantius
682 321 847 379 exoneretur.
905 288 1034 404 Q
1045 377 1086 393 .-
1041 190 1125 324 ζ’

179 395 280 450 cedere
297 397 365 450 item
383 398 458 448 retro
476 393 612 464 possent
605 410 633 447 ιιι
651 394 802 448 deteriores

179 473 269 525 omnia
287 473 325 526 sic
342 471 436 540 partis,
453 477 485 523 ut
503 469 644 523 diximus
636 487 665 522 ιιι
682 470 809 524 melioris.

179 563 297 616 uanique
315 548 374 600 aliis
392 547 465 600 aliud
482 550 557 600 retro
576 562 684 616 quoquc
701 548 816 602 taetrius
834 550 907 600 esset
994 562 1028 602 sm

180 624 290 676 naribus
309 624 418 676 auribus
436 627 518 690 atque
537 623 620 676 oculis
639 623 746 691 orisque
764 624 862 693 sapori.

180 717 249 768 quac
267 701 392 768 quoniam
410 716 463 752 non
482 703 552 766 sunt,
570 699 618 753 sod
634 699 716 754 rebus
734 701 843 754 reddita
863 702 940 756 certa

180 776 240 830 finis
257 777 394 845 utrimque
411 779 488 831 tenet
506 793 646 844 summam,
663 777 767 830 fateare
784 778 923 834 necessest

182 854 323 906 materiem
342 870 449 922 quoque
466 853 549 906 finitis
567 853 677 908 differre
695 853 798 921 figuris.

179 927 296 998 denique
314 929 349 982 ab
365 929 473 998 ignibus
491 930 527 983 ad
544 929 648 997 gelidas
666 930 719 982 iter
736 946 822 998 usquc
839 929 951 998 pruinas
992 944 1028 984 sis

178 1005 313 1059 finitumst
330 1009 459 1074 retroque
476 1005 536 1074 pari
553 1006 657 1059 ratione
675 1009 864 1060 remensumst

179 1082 281 1136 extima
298 1083 369 1135 enim
388 1082 461 1136 calor
478 1098 511 1135 ac
527 1082 621 1149 frigam,
639 1081 776 1152 mediique
794 1087 910 1151 tepores

178 1157 280 1212 interut
268 1163 365 1226 traque
382 1159 471 1212 iacent
489 1158 630 1227 explentes
648 1159 744 1212 ordine
762 1175 902 1212 summam.

179 1251 244 1302 crgo
262 1235 339 1288 finita
357 1234 460 1288 distant
477 1235 588 1286 rationo·
601 1237 701 1300 creatag
921 1235 1069 1364 Α,οθ

178 1311 290 1379 ancipiti
307 1311 435 1377 quoniam
452 1327 529 1363 muer
609 1309 727 1376 trimque
744 1271 915 1376 notantur,
1057 1327 1125 1414 'z

178 1385 241 1440 hinc
259 1386 398 1439 flammis'
386 1326 608 1474 ,ιιιιιιιῆιέιῃι11
593 1385 693 1438 infesta
711 1387 821 1454 pruinis.
1006 1327 1072 1418 '⁰⁴⁸'

214 1463 294 1528 Quod
311 1462 438 1530 qnoniam
457 1461 543 1528 docui,
562 1477 675 1530 pergam
693 1465 837 1515 conectere
856 1478 914 1515 rem

179 1555 213 1592 cx
231 1539 282 1592 hoc
300 1542 367 1608 apta
385 1539 467 1592 fidem
485 1538 575 1605 ducat,
593 1537 742 1607 primordia
759 1553 858 1603 rerum,

177 1616 249 1669 inter
268 1633 297 1669 se
315 1615 396 1668 simili
414 1631 483 1684 quac
501 1617 565 1667 sunt
582 1613 704 1682 perfecta
723 1614 819 1682 figura,
970 1657 973 1668 ,
1039 1624 1050 1654 ⁸

176 1693 285 1750 infinita
302 1693 400 1747 cluere.
418 1691 519 1746 etenim
538 1690 668 1744 distantia
685 1707 747 1744 cum
766 1691 803 1744 sit
931 1706 1095 1764 4²⁵2*

177 1769 324 1823 formarum
342 1769 426 1835 finita,
444 1784 556 1821 neccsse
574 1770 617 1820 est
634 1783 703 1835 quae
721 1767 823 1821 similes
841 1768 897 1824 sint

178 1861 237 1898 esse
254 1846 373 1899 infinitas
390 1847 438 1898 aut
456 1861 588 1898 summam
606 1844 730 1897 materiai

179 1921 282 1976 finitam
300 1926 433 1990 constare,
451 1921 480 1974 id
498 1920 572 1990 quod
591 1936 644 1973 non
663 1937 722 1973 esse
741 1921 854 1990 probavi

179 1999 302 2052 versibus
319 1998 465 2052 ostendens
483 1996 642 2066 corpuscula
660 1997 784 2050 materiai

169 2091 212 2128 >ex
229 2075 335 2128 infinito
353 2091 485 2128 summam
503 2089 595 2127 rerum
613 2089 698 2140 usquc
717 2076 819 2141 tencre,
990 2088 1027 2128 aso

177 2151 305 2219 undique‘
316 2151 422 2220 protelo
441 2151 581 2220 plagarum
600 2149 764 2203 continuato.

178 2244 240 2281 narn
258 2227 331 2296 quod
350 2244 411 2280 rara
428 2227 505 2280 vides
522 2225 608 2292 magis
626 2242 686 2278 esso
704 2227 828 2280 animalia
846 2227 981 2296 quaedam

177 2304 375 2371 fecundamque
393 2303 482 2355 minus
498 2305 623 2354 naturam
642 2302 729 2354 cernis
747 2302 852 2369 inillis,

179 2384 208 2433 at
225 2380 336 2447 regione
353 2380 465 2446 locoque
483 2378 536 2430 alio
554 2377 689 2444 terrisque
708 2380 819 2432 remotis

167 2456 264 2509 *multa
276 2455 341 2509 licet
352 2471 452 2523 genere
465 2471 524 2508 csso
542 2454 569 2506 in
582 2470 614 2506 eo
627 2469 821 2521 numerumque
833 2455 949 2522 repleri;
990 2472 1027 2510 usa

179 2533 248 2585 sicut
266 2531 465 2600 quadripedum
484 2548 545 2585 cum
563 2529 657 2598 primis
676 2545 736 2582 esse
754 2529 876 2584 videmus

178 2608 206 2661 in
223 2625 324 2676 genero
343 2608 520 2677 anguimanus
539 2607 703 2675 elephantos
722 2604 803 2660 India
820 2622 935 2676 quorum

178 2685 287 2738 milibus
305 2703 320 2739 e
338 2685 432 2739 multis
450 2685 519 2739 vallo
538 2684 660 2738 munitur
678 2683 788 2751 eburno,

178 2765 209 2814 ut
226 2761 336 2828 penitus
353 2765 471 2830 nequeat
487 2761 639 2830 penetrari:
657 2763 734 2814 tauta
751 2760 869 2813 ferarum

163 2837 218 2890 *vis
237 2841 289 2904 cst,
307 2855 421 2906 quarum
439 2856 488 2891 nos
505 2855 642 2908 perpauca
659 2835 785 2906 exempla
803 2836 933 2891 videmus.
989 2855 1026 2892 seo

178 2913 258 2968 scdt
246 2918 337 2968 tamen
355 2915 385 2968 id
403 2932 510 2984 quoque
528 2917 570 2968 uti
588 2914 742 2981 concedam,
761 2912 920 2981 quamlubet
938 2917 999 2970 esto

177 2990 256 3044 unica
273 3007 318 3044 res
336 2991 470 3060 quaedam
488 2993 579 3046 nativo
597 3007 710 3060 coquom
728 2989 791 3054 sola,

177 3067 220 3120 cui
239 3067 394 3121 similist
352 3071 394 3121 to
395 3084 411 3121 o
428 3071 564 3122 terrarum
582 3069 663 3121 auda
680 3067 716 3120 sit
733 3065 807 3130 orbi;

173 3143 283 3198 infinita
300 3148 391 3199 tamen
409 3144 462 3199 nisi
480 3145 533 3197 crit
550 3144 591 3198 vis
608 3141 731 3197 materiai

187 3219 251 3274 mde
269 3237 302 3274 ea
319 3221 442 3290 progigni
461 3222 547 3290 possit
565 3224 702 3289 concepta,
721 3217 808 3272 creari

246 3322 281 3366 2
326 3299 575 3381 mma
625 3293 1042 3406 μασι-φ,
