2252 3530
112 103 149 158 st
519 95 554 158 II
875 130 880 159 ι

110 203 261 257 convestire
280 218 328 254 sua
344 197 511 270 perfundens
528 197 618 250 omnia
636 196 702 262 luce,

110 279 234 332 omnibus
251 278 279 330 in
297 279 428 346 promptu
444 273 672 340 manifestumque
689 288 749 325 esse
767 271 897 326 videmus.

110 359 139 408 at
157 370 240 424 vapor
257 353 281 406 is
298 369 379 422 quern
398 352 436 405 sol
456 349 545 404 mittit
561 348 708 416 lumenque
727 365 851 401 serenum
928 361 964 402 ιω

110 425 163 484 non
180 431 326 499 perinane
344 431 418 482 meat
435 442 565 490 vacuum;
582 441 636 492 quo
654 425 759 477 tardius
776 425 817 478 ire

110 507 224 574 cogitur,
242 506 330 559 aerias
347 505 423 571 quasi
441 503 506 556 dum
525 501 680 555 diverberet
697 501 791 555 undas.

56 617 64 626 ·-
109 599 144 635 ne
179 581 334 664 singillatim
353 579 513 648 corpuscula
531 593 655 646 quaeque
673 579 780 646 vaporis

72 683 78 690 -
110 599 318 786 seanlexa
336 659 427 710 meant
445 655 517 708 inter
535 670 565 706 se
583 670 687 720 conque
704 653 830 721 globata;

111 750 185 802 quap
214 735 278 802 pter
296 732 374 786 simul
394 731 466 785 inter
484 746 513 783 se
531 728 710 783 retrahuntur
727 732 756 782 et
773 732 853 782 extra
928 743 964 782 let
989 751 1017 804 1⁸·

64 875 70 882 ·
89 803 271 882 „truciores
289 809 330 861 uti
348 811 480 877 cogantur
498 805 604 860 tardius
622 805 668 858 ire.
1004 813 1008 820 '

111 888 141 938 at
159 902 228 954 quae
247 888 311 938 sunt
329 885 415 937 solida
432 882 581 954 primordia
599 881 781 950 simplicitate,

111 961 339 1030 epmpqriuane
357 963 451 1013 meant
468 975 583 1013 vacuum
600 974 650 1010 nec
669 973 712 1010 res
730 959 884 1010 remoratur
1006 971 1052 1024 qa·

32 1085 52 1102 „
73 1037 166 1090 ‚mala
183 1033 249 1089 soris
267 1039 350 1106 atque
369 1036 436 1106 ipsa,
454 1035 510 1088 suis
529 1033 686 1103 apartibus
705 1049 766 1100 una,
1024 1071 1083 1108 w.
1107 1097 1110 1102 Ι

111 1129 194 1166 unum
213 1113 241 1165 in
259 1129 340 1180 quem
358 1128 472 1180 coepere
490 1111 578 1164 locum
596 1111 692 1163 conixa
710 1109 842 1175 feruntur,
929 1123 965 1162 ros
988 1087 1021 1130 ³
1075 1107 1079 1114 “

112 1188 214 1243 debent
232 1189 359 1242 nimirum
377 1187 542 1257 praecellere
560 1185 712 1239 mobilitate

111 1268 141 1318 et
157 1266 244 1319 multo
262 1265 343 1319 citius
361 1265 427 1317 ferri
444 1280 525 1333 quam
543 1262 644 1315 lumina
662 1262 726 1315 solis

110 1341 309 1410 multiplexque
327 1340 378 1393 loci
397 1340 514 1409 spatium
532 1342 718 1391 transcurrere
736 1336 833 1391 eodem

110 1419 235 1486 temporo
252 1433 305 1482 quo
323 1415 386 1468 solis
404 1415 564 1484 pervolgant
581 1413 690 1480 fulgura
707 1412 817 1467 eaelum.

521 1497 536 1530 a

112 1547 173 1618 [nee
190 1550 340 1618 persectari
359 1550 507 1618 primordia
525 1548 629 1616 singula
647 1565 776 1617 quaeque,
930 1557 966 1599 ros

111 1629 144 1680 ut
162 1627 276 1679 videant
293 1642 347 1694 qua
365 1626 480 1694 quicque
497 1627 610 1692 geratur·
628 1640 689 1676 cum
707 1625 819 1678 ratione.
906 1625 912 1636 “

149 1703 189 1754 At
207 1701 319 1770 quidam
337 1704 433 1754 contra
450 1701 525 1768 haec,
542 1700 630 1767 igrmri
648 1701 780 1767 materiai,

112 1780 238 1830 naturam
256 1793 310 1830 non
327 1793 408 1845 posse
426 1776 508 1843 deum
529 1776 586 1829 sine
604 1776 715 1828 numine
734 1776 851 1830 credunt

113 1856 190 1907 tanto
209 1869 292 1921 opere
310 1853 434 1906 humanis
452 1851 603 1905 rationibus
622 1851 800 1906 admoderate

112 1932 237 1998 tempora
254 1932 361 1982 mutare
379 1945 509 1981 annorum
527 1929 674 1996 frugesque
687 1945 787 1994 creare,
930 1943 966 1985 mo

113 2008 142 2058 et
159 2005 213 2058 iam
232 2009 331 2070 cetera,
349 2004 473 2057 mortalis
491 2006 561 2072 quae
579 2003 677 2056 suadet
695 2004 771 2056 adiro

112 2080 225 2150 ipsaque
244 2079 355 2134 deducit
373 2080 430 2133 dux
448 2081 521 2133 vitae
540 2080 585 2132 dia
603 2080 727 2148 voluptas

113 2160 142 2210 et
159 2173 203 2209 res
221 2173 271 2226 per
290 2156 406 2210 Veneris
423 2156 565 2210 blanditur
584 2156 672 2210 saecla
689 2160 849 2224 propagent,

112 2249 147 2287 ne
164 2249 249 2301 genus
267 2233 374 2286 occidat
391 2233 545 2285 humanum.
563 2249 679 2301 quorum
698 2232 789 2284 omnia
806 2247 886 2285 causa

82 2377 84 2380 Ι
112 2308 285 2363 constituisse
303 2307 448 2362 deos'cum
467 2309 579 2376 fingunt,
599 2307 716 2362 omnibu’
734 2308 815 2361 rebus
930 2322 966 2363 rte

112 2401 210 2454 magno
229 2402 311 2456 opere
329 2402 345 2440 a
363 2402 427 2440 vera
444 2386 514 2454 lapsi
532 2385 636 2439 ratione
654 2384 788 2438 videntur.

101 2479 175 2519 ,nam
193 2463 315 2531 quamvis
333 2480 425 2516 rerum
443 2463 565 2530 ignorem
584 2461 733 2532 primordia
750 2477 819 2530 quae
836 2461 899 2529 sint,

112 2538 162 2592 hoc
180 2542 272 2592 tamen
291 2557 324 2592 ex
342 2539 410 2608 ipsis
428 2539 495 2592 caeli
513 2537 663 2592 rationibus
681 2537 767 2591 ausim

113 2615 273 2668 confirmare
291 2615 404 2683 aliisque
422 2632 455 2668 ex
473 2614 555 2668 rebus
573 2613 690 2666 reddere
708 2613 808 2678 multis,

113 2707 283 2762 nequaquam
301 2690 378 2744 nobis
396 2691 525 2743 divinitus
543 2707 602 2744 esso
621 2693 740 2742 creatam
930 2704 967 2743 reo

113 2771 239 2820 naturam
257 2767 363 2821 mundi:
383 2766 462 2819 toleta
480 2763 534 2819 'stat
551 2766 678 2836 praedita
696 2765 782 2834 eulpa.
854 2804 856 2812 .

114 2861 184 2910 quae
202 2843 253 2896 tibi
271 2844 415 2912 posterius,
435 2843 555 2910 Memmi,
575 2842 703 2896 faciemus
721 2845 824 2910 aperta.

114 2938 185 2974 nune
203 2920 233 2972 id
250 2920 324 2989 quod
343 2923 469 2991 superest
488 2919 523 2972 de
541 2920 660 2972 motibus
679 2915 876 2988 expediemus]

149 2996 175 3048 N
176 3013 229 3048 unc
240 2995 315 3050 locus
328 3002 378 3064 est,
390 3000 422 3050 nt
436 2996 538 3064 opinor,
551 2996 579 3048 in
590 2995 633 3048 his
645 2995 714 3048 illud
726 3011 834 3063 quoque
846 2993 929 3047 rebus

115 3071 275 3125 confirmare
293 3072 351 3139 tibi,
369 3072 471 3125 nullam
489 3088 547 3124 rem
565 3088 645 3141 posse
662 3088 711 3125 sua
728 3070 755 3125 vi
932 3083 968 3123 les

115 3163 273 3217 corpoream
292 3163 398 3202 sursum
415 3147 481 3202 ferri
499 3163 660 3215 sursumque
677 3163 783 3212 meare3

1021 853 1087 907 sle.
