2234 3526
170 264 199 311 et
217 257 315 324 quibus
331 257 377 309 ille
395 256 484 309 medis
502 272 662 324 congressus
679 258 804 312 materiei

168 333 292 386 fundarit
309 335 413 385 terrum
430 332 535 386 eaelum
552 349 627 386 mare
646 333 736 387 sidere
753 334 838 387 solem

168 409 298 479 lunaique
314 408 440 476 globum;
456 411 517 463 tum
534 425 605 478 quse
622 409 722 463 tellure
739 410 890 463 animantes

170 485 321 552 extiterint,
339 487 368 539 et
386 501 456 554 quae
473 485 547 538 nullo
565 486 621 539 sint
637 489 762 555 ternpore
779 487 876 548 netae;
996 500 1020 540 ro

131 620 134 626 ¹
170 577 258 630 quove
275 560 356 614 modo
373 577 460 628 genus
477 561 625 616 humanum
644 562 766 615 variante
782 561 901 628 loquella

170 637 291 706 eoeperit
308 638 381 690 inter
397 653 427 690 se
445 637 517 691 vesei
535 653 586 706 per
603 638 712 691 nemine
729 653 836 702 rerum;

170 717 200 767 et
217 713 315 782 quibus
331 713 377 766 ille
394 712 484 766 modis
501 713 592 766 dirorn
609 717 699 766 metus
716 712 860 766 insinuarit

170 794 289 858 pectora,
307 792 444 843 terrerum
461 789 508 857 qui
524 789 554 842 in
571 789 630 843 orbi
648 793 743 843 sancte
759 791 855 842 tuetur

169 865 232 919 fana
248 865 324 919 laeus
340 865 416 919 luees
432 881 494 920 eres
512 865 708 935 simulacroque
726 865 825 919 divom.
998 878 1022 926 rs

170 945 315 1012 praeterea
331 942 395 996 solis
412 957 507 996 cursus
525 941 660 1011 lunaeque
677 945 783 996 meatus

169 1018 313 1086 expediam
332 1034 387 1087 qua
404 1018 431 1071 vi
448 1017 543 1072 flectat
560 1021 661 1072 natura
677 1017 832 1086 gubernans
841 1037 848 1082 ;

169 1110 204 1147 ne
221 1094 293 1148 ferte
310 1095 377 1148 haee
393 1095 466 1149 inter
483 1095 588 1148 eaelum
604 1097 762 1162 terramque
779 1109 889 1148 reamur

168 1168 256 1223 libere
273 1174 371 1239 sponte
389 1187 438 1240 sue
455 1186 550 1224 cursus
567 1170 686 1224 lustrare
703 1169 831 1238 perennis

168 1245 305 1313 morigera
322 1247 359 1298 ad
375 1247 468 1314 fruges
485 1246 624 1314 sugendas
642 1250 726 1314 atque
743 1246 888 1299 animantis
997 1260 1021 1298 so

168 1337 238 1374 neve
256 1321 346 1388 eliqua
363 1322 455 1376 divom
474 1322 545 1375 volvi
563 1322 667 1375 ratione
684 1325 819 1390 putemus.

169 1412 233 1450 nam
250 1396 321 1450 bene
339 1397 385 1466 qui
403 1397 523 1451 didicere
542 1397 608 1450 deos
626 1411 750 1450 securum
768 1413 850 1465 egere
868 1413 970 1464 aevom,

170 1473 193 1526 si
211 1477 303 1527 tamen
320 1473 427 1526 interea
445 1473 578 1527 mirantur
595 1489 650 1542 qua
667 1473 772 1526 ratione

170 1565 294 1618 quaeque
311 1549 370 1616 geri
389 1549 504 1618 possint,
522 1549 685 1618 praesertim
703 1548 785 1602 rebus
802 1549 831 1602 in
848 1548 902 1602 illis

170 1641 241 1694 quae
259 1641 359 1694 supera
377 1629 460 1694 eaput
478 1625 606 1679 aetheriis
624 1621 772 1679 sternuntur
788 1625 816 1677 in
835 1625 898 1693 oris,
998 1639 1021 1676 es

170 1701 264 1754 rursus
281 1701 310 1754 in
328 1701 454 1769 antiquas
472 1701 629 1754 referuntur
646 1701 789 1769 religiones

170 1781 200 1831 et
218 1776 342 1830 domines
359 1777 430 1830 aeris
448 1775 610 1845 adsciscunt,
628 1767 718 1830 enr'nia
734 1792 814 1844 posse

171 1869 239 1922 quos
256 1853 349 1906 miseri
367 1853 491 1920 credunt,
508 1852 596 1920 ignari
614 1851 681 1919 quid
698 1856 781 1921 queat
798 1868 866 1921 esse,

99 1975 104 1984 .
170 1928 238 1997 quid
255 1932 382 1997 nequeat,
400 1929 479 1982 finita
495 1932 619 1998 potestas
638 1927 757 1997 denique
774 1929 871 1996 cuique

170 2021 288 2070 quanam
306 2005 343 2058 sit
361 2005 467 2058 ratione
484 2008 567 2072 atque
585 2005 640 2059 alte
658 2005 792 2058 terminus
809 2005 932 2059 haerens.
998 2019 1022 2058 oo

206 2079 286 2144 Quod
304 2083 438 2149 superest,
455 2096 490 2134 ne
507 2083 536 2134 te
553 2080 582 2132 in
599 2081 739 2150 promissis
756 2081 835 2150 plura
852 2097 997 2148 meremur,

170 2155 304 2224 principio
321 2156 407 2209 merie
424 2172 456 2209 ue
473 2151 562 2210 terres
579 2157 739 2226 caelumque
757 2161 850 2221 tuere;

170 2246 285 2299 quorum
303 2235 429 2285 naturam
446 2232 590 2301 triplicem,
608 2233 662 2286 tria
680 2247 803 2302 corpora,
822 2233 944 2301 Memmi,

170 2305 222 2359 tris
240 2307 344 2374 speeies
361 2311 419 2360 tarn
437 2305 582 2374 dissimilis,
600 2308 655 2360 trie
672 2307 739 2361 talia
756 2310 841 2372 textu,

169 2398 225 2434 une
242 2381 301 2435 dies
319 2383 398 2436 dabit
415 2382 507 2448 exitio,
525 2383 680 2450 multosque
698 2399 850 2451 perennes
997 2398 1021 2436 95

171 2460 325 2511 sustentatu
344 2462 406 2511 ruet
423 2458 508 2510 moles
526 2464 555 2511 et
573 2459 697 2512 maehina
714 2458 816 2511 mundi.

170 2549 222 2587 nee
239 2549 284 2587 me
303 2534 385 2587 animi
402 2533 474 2588 fallit
491 2551 572 2601 quem
591 2550 635 2588 res
653 2550 723 2588 nova
740 2534 862 2602 miraque
879 2533 965 2587 menti

171 2608 278 2675 eeeidat
296 2611 408 2664 exitium
428 2610 496 2663 caeli
514 2611 659 2679 terraeque
677 2612 807 2680 futurum,

173 2689 202 2739 et
219 2701 301 2753 quam
319 2685 429 2740 difficile
446 2685 476 2739 id
493 2687 560 2740 rnihi
578 2687 614 2740 sit
631 2687 790 2756 pervincere
807 2686 905 2753 dietis;

171 2765 204 2815 ut
221 2761 254 2814 lit
271 2761 318 2815 ubi
335 2762 471 2816 insolitam
489 2779 549 2817 rem
566 2763 698 2833 adportes
716 2763 827 2817 auribus
844 2767 909 2818 ente
988 2779 1024 2819 100

171 2853 222 2891 nee
240 2839 332 2891 tamen
349 2838 419 2892 hane
436 2839 525 2908 possis
542 2840 681 2893 oculorum
699 2840 817 2895 subdere
834 2839 894 2894 visu

171 2929 222 2967 nee
240 2913 329 2968 iecere
346 2914 413 2968 indu
430 2931 532 2982 uranus,
550 2915 594 2969 ria
611 2933 665 2984 qua
682 2915 786 2969 munite
803 2916 868 2970 fidei

171 2989 296 3058 proximu
313 2991 368 3044 lert
379 2991 532 3066 'humanum
550 2991 579 3044 in
596 2995 692 3061 peetus
709 2993 868 3062 templaque
885 2994 993 3048 urentis.

171 3064 222 3118 sed
239 3068 331 3120 temen
349 3066 458 3120 effabor.
476 3066 558 3121 dietis
576 3068 653 3122 dabit
670 3068 730 3136 ipsa
748 3068 831 3122 fidem
849 3085 894 3125 ree

170 3140 285 3196 forsitan
302 3147 331 3196 et
348 3144 469 3211 graviter
485 3147 621 3200 terrerum
639 3144 759 3198 motibus
775 3146 844 3200 ortis
987 3161 1022 3200 roe

172 3219 262 3272 omnis
278 3221 450 3288 conquassari
467 3219 496 3274 in
513 3237 599 3288 parvo
616 3225 740 3290 tempore
758 3238 859 3276 cernes.
