2252 3530
116 125 154 182 eo
230 91 233 98 ’
518 125 572 180 111

71 235 73 239 ’
114 230 153 283 sie
171 229 253 282 animi
272 232 371 281 natura
389 229 485 296 nequit
503 229 562 282 sine
580 231 776 297 cor·p0res.0riri

115 307 172 360 sola
192 322 283 374 neque
301 304 426 358 enervis
444 308 473 358 ct
492 307 623 372 sanguine
641 305 762 373 longiter
782 323 849 361 esse.

115 383 230 451 quodsi
248 384 352 450 (posset
370 382 443 435 enim
461 381 548 434 multo
566 382 650 448 prius)
668 383 727 452 ipsa
744 383 827 436 animi
845 384 885 437 vis
935 397 973 440 ⁷90

116 462 143 513 in
162 459 252 527 eapite
269 461 317 511 aut
336 459 436 510 umeris
454 463 502 510 aut
520 458 581 510 imis
598 458 717 512 calcibus
735 477 794 513 esse

117 539 210 604 posset
227 538 257 589 et
275 535 376 587 innasci
393 535 489 602 qriavis
506 535 535 586 in
554 540 640 603 parte,
659 536 759 589 soleret

117 614 228 667 tandem
240 613 268 665 in
280 612 376 665 eodem
389 612 497 664 homine
510 615 594 680 atque
606 613 633 665 in
646 612 743 665 eodem
755 628 819 665 vase
831 629 948 665 manere.

116 690 190 758 quod
209 690 335 757 quoniam
354 692 448 742 nostro
466 706 574 757 quoque
592 692 700 742 constat
718 705 830 755 corpore
849 693 954 741 eertum

116 767 332 835 dispositumque
350 765 459 818 videtur
476 765 523 818 ubi
542 783 600 819 esse
619 768 648 818 et
666 781 787 818 creseere
804 765 891 833 possit
936 779 972 820 ⁷95

117 859 222 894 sorsum
240 843 330 894 anima
347 847 430 909 atque
449 843 561 906 animus,
582 847 659 908 tanto
677 843 764 909 magis
782 839 955 895 infitiandum

116 923 205 972 totum
223 935 302 985 posse
320 923 399 973 extra
416 937 513 987 cerpus
532 919 632 972 durare
649 920 774 987 genique.

116 1013 209 1064 quare,
227 1012 325 1063 corpus
343 995 390 1048 ubi
408 996 521 1062 interiit,
540 995 653 1064 periisse
671 997 810 1048 necessest

116 1073 265 1126 confiteare
284 1072 402 1124 animam
421 1072 579 1124 distractam
598 1071 625 1123 in
644 1079 757 1138 corpere
774 1074 842 1124 tote.

117 1148 220 1216 quippe
238 1148 339 1200 etenim
357 1147 473 1201 mortale
491 1151 601 1200 aeterno
620 1146 733 1214 iungere
751 1151 780 1200 et
798 1163 852 1199 una
935 1159 972 1198 soo

116 1224 269 1276 consentire
287 1227 385 1291 putare
405 1227 433 1276 et
452 1223 529 1290 fungi
547 1226 644 1275 mutua
662 1239 742 1290 posse

117 1299 276 1368 desiperest.
296 1299 363 1368 quid
382 1300 454 1352 enim
473 1298 608 1352 diversius
626 1315 686 1351 esse
704 1297 886 1366 putandumst

86 1399 88 1404 ·
117 1380 165 1429 aut
182 1376 269 1444 magis
287 1377 359 1429 inter
377 1393 407 1428 se
426 1375 592 1428 disiunctum
611 1374 853 1442 discrepitansque‚

118 1469 200 1520 quam
218 1451 334 1504 mortale
353 1451 426 1519 quod
445 1453 488 1504 est
506 1451 644 1503 inmortali
663 1453 747 1518 atque
766 1450 881 1518 perenni

118 1530 240 1596 iunctum
258 1527 286 1580 in
305 1527 416 1582 coneilio
435 1544 528 1580 saevas
547 1527 663 1580 tolerare
682 1527 832 1596 procellasl
936 1541 973 1580 sos

118 1619 259 1656 Pisaurum
270 1619 436 1658 QUAEUUMQUE
451 1619 551 1650 MANENT
562 1618 675 1650 Auri-:mm
686 1614 816 1649 NECESSEST

117 1680 167 1712 AUT
177 1681 238 1718 QUIA
248 1679 310 1713 SUNT
321 1681 403 1713 somno
414 1681 466 1714 CUM
479 1681 585 1713 CORPORE
598 1679 722 1727 UESPUERE
733 1679 800 1711 loros

118 1741 164 1774 Neo
177 1735 318 1774 PENETRARE
328 1743 384 1774 PATI
393 1743 441 1774 SIBI
456 1742 584 1780 QUICQUAlll
598 1741 662 1778 QUOD
675 1740 754 1778 QUEAT
764 1741 842 1772 ARTAS

119 1805 258 1836 mssocmnu
271 1805 343 1837 INTUS
357 1805 452 1836 rannus
466 1805 494 1836 ET
508 1804 617 1835 MATERIA

118 1867 226 1898 CORPORA
239 1867 301 1898 SUNT
313 1867 414 1904 QUORUM
427 1866 546 1897 NATURAM
560 1865 711 1897 osrsrlmmus
723 1865 787 1896 ANTE

43 1953 47 1958 .
96 1916 99 1921 ”
119 1929 168 1960 AUT
181 1928 237 1960 meo
247 1927 347 1960 DUEARE
360 1928 469 1960 AETATEM
484 1928 552 1958 POSSE
565 1926 611 1958 PER
625 1927 711 1958 OMNEM

119 1988 252 2022 PLAGARUM
264 1989 325 2028 QUIA
334 1989 396 2021 SUNT
409 1989 527 2020 EXPERTIA
541 1987 609 2020 SICUT
619 1987 722 2018 INANEST

79 2063 81 2070 >
120 2048 184 2087 QUOD
198 2049 252 2080 MAN
254 2050 282 2080 ΕΤ
295 2049 418 2082 INTAOTUM
428 2049 509 2086 NEQUE
520 2050 552 2080 All
562 2048 617 2080 ICTU
632 2048 756 2080 FUNOITUR
769 2049 850 2080 imnum

120 2112 169 2144 AUT
182 2111 258 2144 ETIAM
272 2111 333 2150 QUIA
345 2111 427 2143 Nouus
439 2110 492 2142 Locr
503 2111 538 2142 sm
552 2111 623 2142 eorm
637 2111 730 2142 CIROUM

120 2175 167 2214 QUO
178 2175 251 2214 QUASI
263 2175 306 2206 Rus
317 2173 411 2205 POSSINT
423 2173 556 2205 Drscnuunu
567 2173 727 2212 DISSOLUIQUE

120 2239 198 2272 alcum
209 2239 350 2271 SUMMARUM
363 2237 476 2270 sumimur
489 2239 601 2269 AETERNA
614 2239 696 2276 NEQUE
706 2239 782 2270 uxum

121 2301 176 2338 QUIS
189 2300 262 2332 LOCUS
275 2300 316 2331 EST
325 2299 373 2337 QUO
384 2299 532 2331 DIFFUGIANT
542 2300 623 2338 NEQUE
636 2300 745 2333 CORPORA
759 2301 870 2340 SUNTQUB

121 2360 214 2392 POSSINT
223 2361 338 2393 melodus:
349 2361 377 2393 ET
387 2361 480 2393 vnva
495 2351 639 2394 Dissohvuau
650 2364 729 2395 rinion

121 2417 196 2486 quod
214 2417 237 2470 si
257 2418 328 2471 forte
344 2418 408 2472 ideo
427 2421 514 2488 inagis
531 2420 692 2472 immortalis
710 2419 870 2484 habondast,

122 2493 195 2561 quod
213 2493 340 2547 letalibus
358 2495 393 2548 ab
411 2495 494 2549 rebus
512 2497 618 2549 munita
635 2499 768 2560 tenctur,·

121 2573 169 2622 aut
187 2570 323 2637 quianon
342 2571 454 2624 veniunt
472 2571 581 2624 omnino
600 2571 688 2623 aliena
706 2571 802 2623 salutis

121 2648 169 2697 aut
188 2644 251 2713 quia
271 2662 340 2712 quae
358 2647 470 2699 veniunt
488 2646 579 2712 aliqua
595 2647 701 2698 ratione
720 2647 854 2698 recedunt

121 2719 200 2788 pulsa
217 2721 293 2787 prius
310 2737 391 2788 quam
410 2721 477 2789 quid
494 2724 609 2791 noceant
628 2723 730 2774 sentire
749 2737 888 2789 queamus,

121 2876 232 2938 praeter
244 2871 315 2924 enim
328 2889 410 2940 quam
423 2873 498 2942 quod
509 2872 612 2926 morbis
625 2890 686 2926 eum
699 2874 819 2942 corporis
831 2875 934 2940 aegret,

122 2945 234 2998 advenit
251 2946 280 2998 id
298 2948 372 3015 qued
391 2965 450 3001 eam
469 2947 505 3001 de
524 2947 606 3001 rebus
625 2963 706 3016 saepe
723 2949 824 3001 suturis
939 2963 975 3002 825

122 3023 242 3099 inacerat
259 3021 343 3088 inque
361 3026 438 3075 metu
455 3023 526 3074 male
543 3021 628 3076 habet
646 3024 773 3091 curisque
790 3023 890 3090 fatigat

122 3095 334 3164 praeteritisque
352 3098 422 3150 male
440 3097 567 3150 admissis
584 3103 696 3166 peccata
715 3100 880 3153 remordent.

124 3169 196 3230 adde
214 3171 332 3224 furorem
351 3174 432 3225 enirm
451 3173 590 3241 preprium
610 3178 693 3242 atquc
712 3175 809 3226 oblivia
826 3192 926 3240 rerum,
