2252 3530
545 134 618 193 IIII
964 135 1000 194 97

103 271 136 303 m
150 247 236 312 atquo
253 240 386 311 patefecit
404 255 471 308 quas
490 243 554 292 aute
572 239 719 293 obsederat
736 255 784 292 aar
969 254 1005 293 aaa

149 327 218 384 aler,
238 318 367 371 continuo
385 331 476 369 rerum
494 315 639 370 simulacra
657 319 786 370 secuntur

150 413 219 465 quae
238 394 292 446 sita
312 396 375 446 sunt
394 391 421 446 iu
440 391 507 459 luce,
526 392 718 460 lacessuntque
735 397 767 445 ut
785 392 932 448 rideamus.

103 492 135 524 aa
150 472 224 543 quod
243 475 340 525 contra
360 469 449 522 lacero
468 468 494 521 in
514 469 636 523 tenebris
655 486 671 522 o
689 469 748 522 luce
766 471 908 538 nequimus

148 553 296 620 propterea
317 546 380 614 quia
400 545 534 614 posterior
554 545 676 614 caliginis
694 563 742 600 aer

149 627 264 681 crassior
283 623 437 689 insequitur
456 624 502 692 qui
522 626 620 676 cuncta
637 622 769 677 foramina
787 625 907 694 complet
968 641 1003 679 sao

149 703 306 772 obsiditque
324 701 381 754 vias
401 701 547 768 oculorum,
565 717 600 754 ue
619 699 761 755 simulacra

149 781 254 850 possint
273 779 390 832 ullarum
409 794 500 832 rerum
519 777 641 831 coniecta
659 793 775 831 movere.

150 857 354 926 quadratasque
373 854 468 923 procul
487 857 570 907 turris
589 871 651 908 curn
669 853 805 907 cernimus
822 852 905 921 urbis,

149 937 297 1002 propterea
318 933 349 985 tit
368 931 408 984 uti
428 931 572 984 videantur
592 947 673 999 saepe
691 930 835 999 rutundae,

150 1009 264 1077 strigulus
283 1014 397 1079 optusus
414 1009 478 1077 quia
497 1007 576 1076 longe
595 1007 717 1061 cernitur
735 1008 822 1061 omnis
965 1023 1001 1063 aas

150 1086 207 1139 sivo
225 1085 308 1140 etiam
329 1086 420 1154 potius
439 1101 491 1137 uon
512 1083 634 1138 cernitur
653 1101 684 1138 ae
702 1085 775 1154 perit
793 1084 852 1138 eius

149 1162 231 1232 plaga
247 1179 296 1215 noc
315 1162 350 1215 ad
369 1165 476 1214 nostrus
495 1161 566 1214 acics
587 1160 738 1228 perlabitur
756 1160 832 1225 ictus,

150 1256 214 1292 aera
231 1256 280 1308 per
300 1239 415 1292 multum
435 1238 500 1306 quia
519 1238 584 1290 dum
606 1237 751 1291 simulacra
767 1239 899 1307 feruutur,

149 1316 224 1383 cogit
241 1314 387 1369 hebescere
405 1331 468 1368 eum
487 1314 590 1368 crebris
608 1313 754 1368 offensibus
773 1331 826 1367 acr.

149 1391 201 1446 hoo
219 1392 264 1444 ubi
285 1391 396 1459 suffugit
415 1407 523 1445 sensum
542 1391 621 1444 simul
641 1391 754 1458 angulus
771 1392 866 1460 omnis,
965 1409 1002 1448 sm

149 1467 183 1522 fit
200 1469 276 1536 quasi
295 1472 326 1521 ut
344 1467 380 1521 ad
398 1471 507 1542 tomum
527 1483 653 1520 saxorum
674 1471 780 1522 structa
797 1471 913 1524 tuamur.

149 1560 203 1597 non
221 1551 313 1598 tamen
331 1548 363 1598 ut
381 1561 472 1598 coram
490 1561 561 1611 quae
579 1548 643 1598 sunt
661 1561 779 1613 vereque
797 1545 922 1606 rutunda

150 1620 200 1674 sod
217 1621 292 1690 quasi
312 1621 495 1675 adumbratim
514 1621 626 1690 paulum
644 1621 771 1674 simulata
788 1621 924 1678 videntur.

149 1696 246 1750 umbra
264 1697 373 1751 videtur
391 1697 457 1751 item
476 1697 555 1750 nobis
572 1698 600 1750 iu
618 1697 674 1751 solo
692 1697 793 1751 moveri

150 1776 179 1827 et
197 1775 311 1842 vestigia
329 1778 423 1828 nostra
442 1774 518 1844 sequi
536 1780 699 1844 gestumque
718 1773 836 1840 imitari;
965 1792 1001 1832 soa

149 1866 213 1905 aera
231 1851 252 1903 si
272 1851 361 1905 erodis
379 1852 517 1920 privatum
536 1852 637 1904 lumine
654 1869 734 1921 posse

148 1926 302 1996 indugredi,
319 1932 410 1982 motus
427 1929 566 1982 hominum
583 1932 746 1997 gestumque
763 1933 929 1998 sequentem.

149 2019 212 2056 nam
229 2004 267 2056 nil
286 2021 345 2059 osso
364 2008 458 2075 potest
476 2005 544 2059 aliut
564 2005 614 2057 nisi
633 2004 734 2058 lumine
752 2022 844 2060 cassus

148 2095 195 2132 aer
212 2079 242 2132 id
260 2082 334 2147 quod
353 2099 402 2136 nos
420 2081 544 2135 umbram
563 2081 708 2150 perhibere
727 2086 842 2135 suemus.

148 2154 276 2208 nimirum
294 2158 357 2226 quia
375 2161 451 2211 terra
468 2157 534 2210 loeis
554 2174 587 2210 ex
606 2155 702 2210 ordine
721 2157 803 2210 certis
963 2173 999 2214 ³70

148 2229 250 2286 lumine
268 2235 392 2302 privatur
411 2234 475 2287 solis
493 2249 664 2301 quacumque
682 2237 805 2286 meantes

149 2306 286 2377 officimus‚
307 2310 430 2379 repletur
447 2310 514 2363 item
534 2309 606 2376 quod
626 2309 752 2374 liquimus
770 2309 834 2374 olus,

148 2388 295 2454 propterea
313 2386 345 2440 fit
363 2386 404 2438 uti
422 2385 555 2450 videatur,
574 2401 644 2452 quao
662 2384 713 2437 fuit
731 2384 826 2437 umbra

111 2473 116 2480 ·
148 2462 273 2529 eorporis,
292 2479 308 2516 e
326 2463 436 2530 regione
455 2461 551 2514 eadem
571 2477 620 2514 nos
638 2477 725 2529 usque
743 2466 842 2513 secuta.

148 2552 256 2606 sempor
274 2541 345 2593 euim
363 2556 433 2593 nova
450 2555 480 2593 so
500 2537 637 2590 radiemur
655 2536 757 2590 lumina
775 2535 894 2589 fundunt
963 2553 998 2591 375

147 2613 289 2684 primaque
308 2616 477 2685 dispereunt,
497 2615 574 2684 quasi
593 2615 620 2667 iu
640 2614 731 2682 ignem
750 2613 812 2666 lana
829 2612 962 2665 trahatur.

147 2694 294 2758 propterea
311 2692 390 2746 facile
409 2697 438 2748 ot
457 2692 589 2763 spoliatur
607 2689 708 2744 lumino
726 2694 801 2744 terra

148 2768 178 2818 ot
194 2768 319 2837 repletur
337 2769 403 2823 item
422 2770 567 2838 nigrasque
587 2767 639 2822 sibi
657 2767 743 2822 abluit
761 2765 879 2820 umbras.

183 2841 208 2894 N
211 2859 241 2896 eo
260 2847 352 2898 tamen
369 2846 416 2900 hie
431 2846 523 2900 oculos
540 2845 598 2899 falli
617 2844 790 2899 concedimus
807 2841 900 2894 hilum.

148 2933 211 2971 uam
229 2937 399 2988 quocumque
416 2921 476 2977 loeo
495 2922 531 2977 sit
548 2922 595 2975 lux
614 2925 697 2991 atque
714 2920 811 2974 umbra
828 2918 901 2971 tueri
961 2933 997 2971 aso

147 2993 256 3048 illorum
273 3001 323 3050 est.
342 2997 438 3051 eadem
456 3015 520 3052 vero
539 2999 594 3052 sint
612 2998 714 3052 lumina
732 3013 825 3063 necue,

148 3071 299 3140 umbraque
316 3089 387 3142 quae
404 3074 457 3129 fuit
474 3075 517 3129 hio
536 3075 632 3130 cadem
651 3090 722 3128 nuno
741 3074 862 3127 transeat
879 3071 951 3139 illuc,

149 3163 183 3200 au
202 3150 292 3218 potius
310 3150 359 3203 fiat
375 3150 457 3219 paulo
475 3151 549 3220 quod
567 3152 685 3206 diximus
704 3155 774 3217 aute,

148 3223 199 3346 lips
218 3227 300 3281 animi
318 3226 428 3284 demum
446 3229 516 3283 ratio
535 3227 691 3282 discernere
710 3227 801 3295 debet,
