2234 3526
559 120 591 176 V
939 123 995 183 135

145 225 230 280 allata
247 227 331 293 atquc
349 223 422 278 auris
440 221 551 278 aliunde
569 223 676 278 obiecta
693 225 796 294 alienis,

146 302 197 356 sed
214 301 317 369 pariter
335 301 423 368 prima
440 303 571 369 concepta
589 301 623 354 ab
641 302 746 370 origdne
763 299 857 370 mundi

146 382 276 446 certaque
294 393 358 444 pars
375 377 440 442 eius,
457 377 536 444 quasi
553 377 631 430 nobis
649 379 771 433 membra
787 379 922 434 videntur.

147 458 292 522 praeterea
308 453 406 521 grandi
424 454 530 508 tonitru
548 471 677 509 concussa
694 460 808 524 repente
961 466 996 506 555

147 534 222 584 terra
239 547 321 599 supra
338 547 410 598 quae
427 546 457 583 55
476 534 540 583 sunt
558 532 679 585 concutit
698 533 788 585 omnia
805 538 897 597 motu;

100 623 101 626 ¹
147 606 222 674 quod
239 606 329 659 facere
347 606 415 659 haut
432 605 488 659 ulla
505 610 598 674 posset
616 608 729 676 ratione,
747 608 799 662 nisi
816 611 891 662 55551

146 681 271 750 partibus
288 681 371 736 aeriis
390 682 485 736 mundi
502 683 631 751 caeloque
648 685 777 738 revincta.

147 773 210 812 uam
228 758 416 813 communibus
434 759 507 813 inter
525 775 555 812 55
573 760 711 815 radicibus
729 761 846 814 haerent

146 851 181 888 ex
199 835 311 889 ineunte
328 851 394 889 aevo
412 835 554 890 coniuncta
570 840 655 905 atque
672 836 764 890 uniter
780 839 852 906 apta
961 850 998 888 555

146 927 236 965 nonne
254 911 331 964 vides
349 911 432 964 etiam
450 928 532 980 quam
549 929 647 981 magno
665 914 788 982 pondere
804 913 883 968 nobis

146 988 280 1042 sustineat
298 1004 396 1056 corpus
414 988 573 1042 tenuissima
590 989 631 1043 vis
649 990 748 1044 animai

146 1066 293 1133 propterea
310 1063 376 1132 quia
393 1067 451 1117 tam
469 1065 611 1119 coniuncta
628 1069 713 1135 atque
730 1066 822 1120 uniter
839 1069 904 1134 apta
920 1067 981 1119 5511

147 1139 265 1208 denique
283 1140 338 1193 iam
356 1141 428 1193 saltu
446 1141 549 1208 pernici
567 1142 663 1196 tollere
680 1151 778 1210 corpus
1087 1202 1088 1206 ,

147 1215 215 1283 quid
224 1216 295 1283 potis
304 1221 346 1268 551
356 1216 408 1268 nisi
418 1216 459 1268 vis
468 1217 550 1268 animi
561 1235 631 1285 quae
640 1217 764 1272 membra
772 1217 925 1286 gubernati
962 1232 999 1270 555

146 1290 236 1344 iamne
254 1291 337 1344 vides
348 1295 480 1360 quantum
499 1295 590 1346 tenuis
607 1297 705 1346 natura
722 1293 814 1347 valere
914 1359 919 1368 .

146 1367 241 1435 possit,
261 1365 307 1419 ubi
326 1371 369 1421 551
386 1368 529 1421 coniuncta
546 1369 624 1436 gravi
641 1385 703 1422 cum
721 1385 841 1438 corpore,
859 1372 891 1422 ut
908 1385 956 1422 aer

146 1443 306 1496 coniunctus
323 1444 407 1497 terris
425 1447 455 1497 et
471 1443 549 1497 nobis
567 1448 610 1498 551
628 1444 711 1499 animi
727 1444 784 1500 visl

182 1517 209 1571 N
211 1535 242 1573 55
260 1519 342 1572 nimio
361 1519 425 1572 solis
442 1519 529 1572 maior
546 1523 608 1574 rota
626 1537 677 1574 nec
694 1521 783 1574 minor
800 1521 883 1574 ardor
921 1537 922 1541 ¹

147 1611 208 1648 5555
226 1597 326 1664 potest,
343 1595 445 1648 nostris
463 1611 546 1662 quarn
564 1596 688 1650 sensibus
706 1613 766 1650 esse
784 1597 899 1650 videtur.
964 1610 999 1648 555

148 1687 213 1724 nam
230 1670 330 1740 quibus
347 1688 364 1724 5
381 1671 476 1738 spatiis
493 1688 611 1740 cumque
629 1672 707 1740 ignes
724 1672 826 1725 lumina
843 1675 958 1741 possunt

149 1747 259 1800 adicere
277 1750 307 1801 51
324 1747 442 1800 calidum
457 1747 591 1800 membris
607 1748 711 1802 adflare
729 1765 864 1817 vaporem,

148 1823 185 1876 nil
203 1822 250 1876 illa
267 1823 309 1876 his
327 1823 478 1876 intervallis
497 1823 532 1876 de
551 1839 664 1892 corpore
681 1823 767 1878 libant

148 1898 326 1966 flammarum,
344 1899 382 1951 nil
401 1899 439 1952 ad
457 1899 575 1966 speciem
594 1903 637 1953 est
655 1900 820 1953 contractior
837 1899 915 1968 ignis.

101 2003 135 2036 ⁵7³
148 1975 269 2042 proinde,
288 1975 361 2028 calor
380 1975 508 2043 quoniam
528 1975 592 2028 solis
610 1976 757 2044 lumenque
774 1975 915 2044 profusum
965 1988 1001 2029 575

103 2067 136 2101 aro
147 2052 310 2118 perveniunt
328 2055 437 2104 nostros
455 2052 491 2104 ad
509 2068 603 2105 sensus
622 2053 652 2105 ct
669 2052 728 2104 loca
745 2052 873 2120 mulcent,

148 2127 235 2180 forma
253 2143 362 2195 quoque
379 2126 442 2180 hinc
460 2127 524 2180 solis
542 2127 626 2180 debet
644 2128 776 2195 filumque
793 2127 888 2194 videri,

22 2237 24 2241 Δ
104 2225 138 2258 sn
149 2202 187 2254 nil
206 2201 274 2254 adeo
292 2205 325 2255 ut
343 2203 429 2270 possis
447 2202 508 2270 plus
527 2206 576 2255 aut
595 2203 683 2254 minus
702 2202 813 2264 addere,
830 2217 901 2255 vero.

104 2265 267 2344 sis-lunaque
285 2278 342 2330 sive
359 2277 444 2330 notho
461 2277 550 2329 fertur
568 2276 627 2329 loca
644 2276 746 2329 lumine
763 2277 882 2328 lustrans
967 2288 1003 2328 555

150 2353 207 2407 sive
225 2370 301 2406 suam
319 2353 428 2421 proprio
446 2351 531 2405 155151
549 2351 584 2404 (15
602 2366 716 2419 corpore
733 2351 828 2418 lucem,

150 2428 284 2498 quidquid
300 2428 331 2480 id
348 2432 397 2495 est,
415 2427 469 2480 nilo
487 2427 575 2480 fertur
592 2425 695 2479 maiore
713 2427 800 2494 figura

151 2521 241 2574 quam,
260 2503 361 2558 nostris
377 2503 462 2556 oculis
480 2519 534 2572 qua
551 2500 694 2567 cernimus,
712 2517 772 2555 5555
790 2501 906 2564 videtur.

150 2597 213 2634 nam
231 2581 306 2650 prius
323 2579 420 2648 omnia,
439 2595 509 2646 quae
527 2578 606 2646 longe
625 2581 731 2631 semota
749 2580 872 2630 tuemur¹

151 2672 216 2711 aera
234 2652 284 2726 per
302 2655 424 2721 multum,
442 2655 532 2724 specie
550 2653 663 2722 confusa
680 2653 810 2706 videntur
957 2659 999 2702 ’555

153 2749 235 2802 quam
253 2731 338 2785 minui
356 2732 439 2785 filum.
459 2734 643 2800 quapropter
661 2730 725 2783 luna
743 2743 854 2782 necesse
872 2729 922 2793 551,

153 2807 377 2878 quandoquidem
395 2808 495 2862 claram
514 2806 633 2875 speciem
650 2809 810 2876 certamque
828 2803 944 2871 figuram

153 2884 274 2954 praebet,
294 2887 325 2937 ut
343 2886 387 2938 551
405 2883 459 2936 5515
478 2882 608 2936 extremis
626 2898 742 2950 cumque
758 2883 855 2935 notata

153 2964 311 3030 quantaque
330 2963 459 3029 quantast
476 2959 539 3013 hinc
555 2959 633 3012 nobis
651 2959 779 3012 videatur
795 2955 824 3009 in
842 2955 905 3010 alto.

153 3039 291 3105 postremo
310 3053 494 3105 quoscumque
512 3034 589 3088 vides
606 3034 669 3088 hinc
687 3033 807 3087 aetheris
825 3031 917 3100 ignes;
969 3044 1004 3082 555

153 3112 375 3181 quandoquidem
394 3124 579 3180 quoscumque
596 3111 625 3164 in
642 3111 725 3164 terris
743 3109 881 3163 cernimus
899 3106 985 3174 155155,

153 3189 218 3242 dum
237 3192 341 3242 tremor
358 3195 397 3243 551
414 3188 510 3250 clama,
528 3187 594 3241 dum
612 3185 733 3241 cernitur
743 3186 835 3258 'ardor
852 3199 955 3251 eorum,
