2234 3526
552 161 599 216 vr
941 151 993 221 mi

150 281 199 319 nee
218 265 344 320 cohibere
362 266 437 319 nives
455 266 558 333 gelidas
577 271 605 318 et
623 265 762 332 grandinis
779 267 880 321 imbris.

150 341 218 395 dant
236 343 320 395 etiam
338 343 456 396 sonitum
474 343 561 411 patuli
578 359 660 411 super
677 359 796 411 aequora
813 346 914 412 mnndi,

148 417 277 471 carbasus
295 423 326 471 ut
343 418 479 486 qnondam
497 419 601 486 magnis
619 420 726 472 intenta
743 419 859 474 theatris

149 493 198 547 dat
216 495 350 563 crepiturn
368 495 452 547 malos
469 495 543 548 inter
558 495 661 548 iactata
678 495 831 564 trabesque,
960 513 997 552 110

147 569 287 624 interdum
305 573 438 639 perscissa
455 571 522 624 furit
540 571 727 640 petulantibus
745 573 818 624 auris

149 649 177 699 et
194 648 297 714 fragilis
315 650 424 701 scaritos
441 647 597 700 chartarum
616 648 832 700 cornmeditatur.

147 723 177 776 id
193 740 299 792 quoque
318 725 389 776 enim
407 741 492 792 genus
510 724 538 776 in
556 724 660 776 tonitru
678 741 839 790 cognoscere
857 728 952 794 possis,

147 802 194 852 aut
211 799 257 852 ubi
276 817 434 870 suspensam
451 804 554 854 vestem
573 801 716 854 chartasve
734 801 850 853 volantis

149 875 303 930 verberibus
321 878 395 930 venti
412 881 523 931 versant
541 877 728 946 planguntque
746 895 796 946 per
813 895 899 930 auras.
960 896 995 934 115

146 951 178 1005 fit
189 969 295 1022 queque
308 954 380 1006 enim
392 954 530 1007 interdum
543 960 575 1005 ur
588 956 710 1006 nontam
723 969 884 1014 concurrere
897 954 983 1009 nubes

144 1027 279 1082 frontibus
296 1029 417 1083 adversis
436 1030 541 1099 possint
558 1047 640 1098 quam
658 1030 693 1083 de
711 1030 799 1082 latere
817 1030 857 1084 ire

145 1103 251 1158 diverso
268 1111 345 1160 motu
362 1106 491 1159 radentes
509 1122 623 1174 corpora
641 1107 758 1172 tractim,

144 1181 237 1234 aridus
254 1183 328 1235 unde
346 1183 419 1236 auris
437 1185 528 1249 terget
547 1199 628 1235 sonus
646 1182 691 1235 ille
710 1183 810 1250 diuque

145 1256 259 1325 ducitur,
278 1259 404 1312 exierunt
422 1259 507 1311 donee
525 1258 682 1324 regionibus
699 1259 773 1311 artis.
959 1280 993 1316 111

179 1334 239 1388 Hoc
257 1335 339 1388 etiam
357 1337 437 1404 paeto
455 1335 559 1388 tonitru
581 1350 709 1388 concussa
727 1334 856 1388 videntur

143 1411 233 1464 omnia
251 1428 332 1480 saepe
349 1413 425 1479 gravi
442 1413 562 1464 tremere
580 1415 609 1465 et
628 1411 732 1464 divolsa
749 1416 863 1480 repente

142 1487 260 1540 niaxima
277 1487 425 1541 dissiluisse
445 1487 550 1556 capacis
569 1488 675 1540 moenia
692 1487 794 1554 mundi,

142 1579 203 1615 cunr
222 1563 313 1617 subito
332 1564 412 1616 validi
431 1565 505 1617 venti
524 1563 646 1617 conlecta
664 1563 782 1632 procella

95 1677 97 1681 -
142 1639 258 1692 nubibus
276 1640 386 1692 intorsit
404 1657 463 1693 sese
481 1639 659 1707 conclusaque
677 1639 779 1692 ibidem
955 1657 991 1694 115

143 1715 255 1769 turbine
273 1717 392 1770 versanti
410 1717 496 1784 magis
513 1733 544 1769 ac
562 1716 648 1784 magis
665 1717 785 1784 undique
803 1717 902 1770 nubem

142 1792 215 1860 cogit
232 1793 273 1846 uti
292 1793 341 1846 fiat
360 1793 445 1862 spisso
463 1809 529 1846 cava
546 1809 659 1861 corpore
677 1793 785 1861 circum,

141 1873 204 1937 post
220 1869 266 1923 ubi
285 1870 433 1924 conminuit
451 1870 492 1922 vis
509 1869 567 1922 eius
585 1873 614 1922 et
631 1869 749 1938 impetus
766 1886 835 1938 acer,

141 1948 200 1997 tum
219 1946 419 2015 perterricrepo
438 1946 529 1999 sonitu
546 1946 595 1999 dat
613 1947 697 2000 scissa
713 1945 856 2014 fragorem.

140 2037 190 2074 nec
208 2022 314 2088 mirum,
335 2039 397 2076 cnm
414 2022 496 2093 plena
514 2022 619 2076 animae
637 2022 773 2076 vensicula
790 2041 874 2092 parva
953 2040 989 2078 130

140 2111 223 2164 saepe
241 2097 290 2150 det
307 2099 374 2152 liant
391 2116 504 2168 parvum
522 2099 640 2152 sonitum
659 2099 777 2168 displosa
795 2105 912 2168 repento
966 2150 969 2152 .

176 2171 226 2224 Est
244 2173 325 2226 etiam
344 2175 422 2241 ratio,
440 2192 501 2228 cum
518 2176 593 2228 venti
606 2176 702 2228 -nnbila
719 2175 842 2242 perflant,

140 2250 171 2300 ut
189 2248 293 2302 sonitus
312 2251 417 2303 faciant.
438 2251 540 2303 etenim
559 2267 664 2302 ramosa
681 2250 804 2303 videmus

139 2324 231 2377 nubila
250 2341 331 2394 saepe
349 2325 436 2378 modis
454 2325 548 2378 multis
565 2330 648 2392 atque
665 2341 762 2392 aspera
779 2325 860 2387 ferri;

140 2401 241 2454 scilicet
259 2395 298 2467 ut,
317 2401 440 2454 crebram
458 2401 552 2454 silvam
569 2418 630 2454 cum
648 2400 757 2452 flamina
774 2400 849 2452 cauri
952 2417 987 2455 135

138 2477 263 2546 perflant,
281 2477 349 2531 dant
367 2478 484 2531 sonitum
502 2476 612 2530 frondes
629 2477 750 2544 ramique
767 2477 907 2543 fragorem

138 2553 170 2606 fit
188 2571 295 2622 quoque
312 2558 345 2608 ut
361 2554 500 2608 interdum
518 2553 600 2606 validi
618 2554 659 2604 vis
677 2552 760 2606 incita
777 2553 851 2604 venti

138 2629 296 2699 perscindat
314 2630 414 2684 nubem
432 2630 603 2699 perfringens
621 2630 724 2698 impete
742 2632 825 2682 recto.

137 2707 283 2774 namquid
300 2707 387 2776 possit
405 2706 442 2761 ibi
461 2707 542 2760 flatus
559 2706 701 2760 manifesta
719 2705 800 2759 docet
818 2721 869 2773 res,

136 2781 186 2847 hic,
205 2782 251 2834 ubi
268 2783 355 2836 lenior
372 2787 422 2851 est,
441 2783 469 2836 in
488 2786 563 2836 terra
580 2800 640 2837 enm
658 2785 750 2835 tamen
767 2781 823 2834 alta
950 2797 985 2835 110

137 2857 248 2912 arbusta
265 2859 391 2913 evolvens
408 2859 545 2914 radicibus
562 2860 654 2912 haurit
673 2859 707 2912 ab
726 2859 794 2912 imis.

137 2939 200 2989 suut
218 2935 299 2988 etiam
318 2935 416 2990 fluctus
434 2954 484 3006 per
501 2937 599 3003 nubila,
618 2935 665 3004 qui
682 2936 759 3003 quasi
776 2951 898 2988 murmur

137 3009 204 3064 dant
221 3011 248 3064 in
266 3012 416 3080 frangendo
434 3015 568 3080 graviter;
585 3013 658 3082 quod
676 3012 742 3065 item
760 3011 793 3066 fit
810 3011 838 3064 in
855 3011 918 3065 altis

136 3087 290 3140 fluminibus
307 3106 460 3157 magnoque
478 3090 554 3155 mari,
573 3106 634 3143 cum
652 3089 787 3156 frangitur
805 3091 905 3142 aestus.

135 3163 168 3217 fit
185 3175 297 3233 quoquc,
310 3165 385 3219 ubie
401 3166 466 3226 nubi
483 3166 511 3218 in
529 3166 628 3220 nubem
647 3165 686 3218 vis
704 3166 799 3219 incidit
818 3165 917 3218 ardens
947 3181 982 3218 115

133 3239 261 3358 fplminis
280 3241 346 3295 haec
364 3243 449 3297 multo
468 3243 490 3296 si
507 3243 579 3295 forte
595 3258 689 3294 umore
707 3243 810 3312 recepit
