2252 3530
126 107 162 164 94
521 106 592 162 IIII

28 174 42 200 ο
124 225 208 278 usque
221 209 289 263 adeo
302 208 427 262 erunibus
439 208 474 261 ab
486 209 568 262 rebus
580 223 625 261 res
637 221 762 276 quaeque
774 204 893 258 fluenter
942 219 980 258 205

121 287 209 340 fertur
227 289 256 340 et
273 286 301 338 in
319 289 430 339 cunetas
449 284 598 339 dimittitur
616 283 739 352 undique
757 281 844 351 partis

121 379 171 430 nee
189 379 265 416 nrora
282 379 331 416 nec
349 361 459 431 requies
477 361 633 414 interdatur
650 359 706 412 ulla
723 359 833 424 fluendi,

120 443 253 507 perpetuo
272 439 398 506 quonianr
417 439 557 502 sentimus,
575 440 605 491 00
623 437 712 488 omnin
730 451 839 504 semper
918 491 921 496 ,

120 531 232 568 cernere
250 515 359 568 odorari
378 515 442 568 licet
460 517 490 566 et
509 513 612 566 sentire
631 528 734 566 sonare.

156 591 303 644 Praeterea
321 591 449 657 quonism
468 589 591 642 manibus
610 592 729 642 tractata
747 587 834 654 figura
942 603 978 642 230

119 668 147 720 in
166 667 288 722 tenebris
307 666 442 734 quaedam
461 666 633 733 cognoscitur
650 681 711 718 esse
729 663 825 717 eadem
844 677 915 732 quae

119 745 241 797 cernitur
258 743 285 795 in
303 742 364 795 luce
382 745 410 795 et
429 741 502 795 claro
521 741 647 808 candore,
664 743 801 794 necessest

118 821 250 873 consimili
268 836 349 874 eausa
366 822 471 872 tactum
491 819 632 886 visumque
650 818 760 870 moveri,

118 913 189 950 nuno
207 896 292 964 igitur
311 895 333 948 si
352 895 516 963 quadratum
536 898 704 963 temptamus
722 900 751 947 et
769 893 799 946 id
817 910 865 948 nos

118 977 270 1027 commovet
288 973 315 1025 in
334 970 464 1038 tenebris,
482 971 511 1022 in
530 970 582 1023 luci
600 987 670 1038 quae
688 971 790 1039 poterit
808 987 852 1024 res
940 985 976 1025 235

118 1049 245 1103 accidere
263 1049 299 1102 ud
317 1048 437 1117 speeiem
457 1047 599 1116 quadrata,
618 1047 670 1100 nisi
689 1048 747 1100 eius
764 1047 872 1114 imagol

119 1142 178 1179 esse
196 1126 223 1178 iu
242 1124 407 1192 imaginibus
427 1127 596 1193 quapropter
614 1141 695 1178 caiisa
713 1125 823 1178 videtur·

118 1201 250 1255 cernundi
269 1217 358 1273 neque
375 1215 456 1268 posse
475 1201 532 1253 sine
550 1199 593 1252 his
611 1217 656 1253 res
675 1201 730 1254 ulla
748 1199 842 1254 videri.

118 1295 188 1332 nune
207 1294 241 1332 ea
259 1294 329 1346 quae
347 1277 408 1330 dico
426 1293 517 1329 reruni
536 1277 680 1329 simulacra
697 1278 823 1330 feruntur

117 1354 239 1424 undique
258 1360 287 1408 et
303 1355 331 1408 in
350 1360 461 1408 cunetas
479 1354 615 1406 iaciuntur
633 1352 721 1407 didita
738 1353 831 1422 partis.
939 1368 977 1406 000

118 1449 212 1486 verunr
231 1449 280 1485 nos
297 1431 383 1485 oculis
402 1431 465 1500 qnia
484 1430 548 1484 solis
566 1446 679 1484 cernere
697 1431 812 1499 quinus,

117 1513 264 1578 propterea
283 1509 314 1562 lit
333 1507 382 1574 uti,
401 1507 518 1576 speciem
538 1523 592 1574 quo
611 1506 750 1572 vertimus,
769 1523 863 1560 ornnes

117 1601 162 1638 res
179 1584 217 1638 ibi
235 1601 295 1638 earn
314 1588 410 1638 contra
428 1583 528 1636 feriant
546 1585 633 1636 lerina
651 1586 736 1651 atque
754 1583 852 1636 colore.

117 1665 146 1715 00
164 1665 296 1730 quantum
315 1676 440 1728 quaeque
458 1659 493 1712 ab
511 1659 589 1712 nobis
607 1675 651 1712 res
669 1659 750 1726 absit,
769 1659 857 1726 inrago

117 1737 200 1792 efficit
217 1742 249 1791 nt
268 1737 408 1791 videamus
426 1740 455 1790 et
473 1737 659 1790 internoscere
677 1739 762 1789 curat.
939 1749 975 1790 005
1052 1729 1059 1741 ’

117 1831 179 1867 narn
198 1831 259 1868 enin
278 1814 406 1879 mittitur,
424 1813 562 1880 externplo
581 1811 721 1881 protrudit
739 1811 852 1880 agitque
873 1829 874 1832 ’

116 1907 180 1944 aera
197 1891 243 1957 qui
260 1890 332 1944 inter
351 1906 380 1943 se
398 1905 514 1957 cunique
533 1893 576 1942 cst
593 1889 740 1957 (rutilosque
758 1888 870 1955 locatus,

116 1967 193 2035 isque
212 1968 251 2020 ita
268 1983 317 2036 per
336 1969 443 2020 nostras
461 1965 533 2019 acies
551 1965 703 2033 perlabitur
720 1965 808 2018 omnis

117 2050 146 2110 00
164 2044 242 2112 <prasi
260 2046 402 2112 perterget
421 2042 539 2112 pupillas
557 2046 640 2110 atque
658 2041 699 2094 ita
716 2041 825 2095 transit.

61 2136 102 2168 -050
117 2127 263 2189 propterea
280 2120 312 2173 fit
330 2119 370 2172 uti
389 2119 529 2171 rideamus
548 2135 628 2187 quarn
648 2119 741 2186 procul
760 2118 832 2171 absit
939 2131 975 2170 250

72 2215 104 2246 nn
117 2214 161 2250 res
180 2213 311 2266 quaeque.
331 2201 359 2250 00
378 2199 481 2265 qllanto
500 2195 561 2264 plus
578 2196 648 2248 aeris
666 2197 731 2248 ante
749 2193 870 2262 agritatur

117 2277 147 2328 et
164 2275 271 2328 nostros
290 2272 382 2327 oeulos
400 2275 543 2340 perterget
561 2271 667 2338 longior
683 2287 757 2337 aura,

116 2354 173 2404 tarn
193 2349 285 2418 procul
304 2365 364 2403 esse
382 2347 469 2416 inagis
487 2365 532 2402 res
550 2365 676 2417 quaeque
693 2350 801 2402 remota
817 2346 934 2400 videtur.

117 2425 221 2479 seilicet
239 2425 306 2478 haee
324 2442 429 2479 smnnre
447 2425 529 2478 celeri
549 2425 655 2478 ratione
673 2427 815 2492 geruntur,

116 2502 197 2570 quale
214 2502 251 2554 sit
269 2505 300 2555 ut
318 2501 458 2555 videamus
477 2505 506 2555 et
524 2517 578 2554 una
595 2517 677 2570 quam
695 2500 790 2570 procul
808 2498 887 2553 absit.
939 2513 975 2552 055

117 2578 184 2631 illud
202 2578 230 2630 in
248 2576 291 2630 his
309 2577 391 2630 rebus
409 2578 520 2630 mininie
537 2577 661 2630 mirabile
679 2575 871 2641 lrabendurnst‚

71 2653 75 2660 ’
117 2672 173 2723 eur,
192 2670 312 2722 eaquae
330 2654 430 2707 feriant
448 2654 540 2708 oculos
559 2654 701 2707 simulacra
718 2653 806 2706 videri

118 2731 224 2798 singula
242 2748 303 2784 curn
321 2736 465 2798 nequeant,
483 2747 527 2785 res
544 2731 620 2798 ipsae
638 2729 846 2798 perspiciantur.

117 2813 216 2860 ventus
233 2808 304 2861 enim
323 2823 431 2875 qnoque
449 2806 581 2876 paulatim
599 2823 660 2864 cunr
680 2805 807 2860 verberat
825 2812 854 2860 00
872 2823 933 2860 eum

2 2922 5 2926 ,
74 2897 107 2930 sn
118 2899 180 2936 acre
198 2883 257 2937 lluit
275 2883 369 2951 frigus,
386 2900 440 2936 non
458 2882 563 2952 privant
583 2899 718 2950 quamque
737 2882 854 2936 solemus
939 2898 976 2938 000

75 2975 108 3010 reo
117 2959 278 3026 particulam
297 2959 372 3013 venti
391 2959 493 3012 sentire
510 2963 540 3012 et
557 2958 666 3026 frigoris
683 2959 749 3021 eius,

119 3033 169 3086 sed
186 3035 273 3102 magis
291 3052 428 3102 unorsurn‚
447 3035 560 3104 fierique
577 3035 692 3104 perinde
710 3035 835 3088 videmus

119 3117 232 3176 corpore
249 3113 308 3165 tuni
326 3112 421 3182 plagas
439 3113 465 3163 in
484 3114 652 3164 nostro-tarn
671 3127 752 3179 quarn
771 3111 877 3177 aliquae
895 3118 940 3167 000

119 3182 247 3240 verberet
265 3189 348 3252 atquc
366 3186 407 3240 sui
425 3187 474 3240 det
492 3203 599 3240 sensum
618 3186 737 3255 corporis
755 3188 841 3240 extra.
