2244 3532
104 138 141 194 12
520 139 536 192 Ι

102 243 126 297 si
143 242 247 296 nullum
264 243 343 309 foret,
362 242 430 296 haut
447 257 564 311 usquam
582 241 636 295 sita
652 257 766 310 corpora
783 243 896 310 possent

102 335 164 374 esse
181 335 271 388 neque
289 318 397 373 omnino
415 333 551 388 quoquam
569 318 679 372 diversa
696 334 804 384 meare3

102 395 132 450 id
149 396 224 465 quod
242 396 297 448 iam
316 411 414 462 supera
432 395 483 448 tibi
502 393 582 462 paulo
600 394 771 449 ostendimus
788 397 862 448 anto.

101 475 248 542 praeterea
265 474 302 527 ni]
321 472 456 540 estquod
473 471 560 539 possis
579 471 671 524 dicere
689 472 724 524 ab
741 471 816 524 omni
919 485 956 524 aso

1 611 2 614 Ἰ
102 565 216 616 corpore
235 549 387 602 seiunctum
406 551 597 615 secretumque
614 563 675 600 esse
693 545 728 600 ab
746 548 829 615 inani,

103 623 177 692 quod
195 626 272 694 quasi
291 625 375 678 tertia
393 624 429 678 sit
446 640 560 676 numero
579 627 676 676 natura
694 627 812 692 reperta.

102 717 165 754 nam
177 701 368 769 quodcumque
380 701 440 774 egat,
454 715 514 753 esse
526 699 630 768 aliquid
642 698 756 754 debebit
767 700 797 753 id
809 700 899 769 ipsum
907 632 1105 794 3⁴1⁴&

50 791 81 823 ωε
102 777 146 830 oui
164 777 187 830 si
205 780 295 831 taetus
313 777 367 830 erit
384 775 509 844 quamvis
527 775 594 828 levis
611 775 788 844 exiguusque,

50 867 81 897 ⁴³⁴
103 852 230 919 augmine
248 851 290 905 vel
308 851 405 919 grandi
423 852 467 904 vel
484 867 568 920 parvo
586 850 712 920 denique,
731 852 797 906 dum
815 852 860 920 sit,
920 869 955 908 sss

102 929 223 996 eorporis
241 928 353 997 augebit
370 943 515 981 numerum
533 943 721 996 summamque
739 934 878 998 sequetur.

103 1004 144 1058 sin
162 1005 284 1058 intactile
302 1003 364 1071 erit,
382 1003 456 1056 nulla
474 1003 510 1056 de
527 1006 607 1072 parte
625 1003 700 1072 quod
717 1003 802 1058 ullam

102 1096 161 1133 rem
179 1079 323 1147 prohibere
341 1082 427 1148 queat
444 1094 494 1148 per
511 1095 541 1134 se
558 1080 675 1133 transire
693 1083 838 1150 meantem,

102 1155 206 1210 scilieet
224 1155 274 1208 hoe
292 1155 323 1208 id
340 1155 401 1222 erit,
420 1171 535 1208 vaeuum
553 1155 627 1224 quod
644 1155 726 1210 inane
743 1173 878 1212 vocamus.

101 1235 245 1301 praeterea
263 1248 313 1300 per
332 1247 361 1284 se
380 1231 571 1300 quodcumque
589 1231 650 1300 erit,
668 1235 718 1286 aut
735 1233 818 1288 faciet
836 1235 903 1304 quid
920 1251 957 1289 aa

102 1311 151 1362 aut
168 1308 227 1361 aliis
245 1308 322 1376 fungi
340 1306 454 1361 debebit
472 1307 617 1375 agentibus
634 1307 725 1375 ipsum

101 1388 150 1439 aut
167 1385 222 1439 erit
240 1387 272 1438 ut
290 1385 396 1452 possint
412 1384 441 1436 in
460 1400 492 1437 eo
510 1399 555 1438 res
573 1399 633 1438 esse
651 1385 771 1454 gerique.

101 1464 131 1514 at
149 1462 239 1515 faeere
257 1465 287 1515 et
303 1461 381 1528 fungi
399 1461 457 1513 sine
474 1475 587 1526 corpore
604 1459 678 1513 nulla
695 1465 790 1528 potest
807 1479 852 1516 res

53 1553 82 1590 e·
102 1553 152 1603 neq
170 1536 303 1605 praebere
320 1537 408 1590 locum
427 1552 508 1604 porro
527 1536 578 1589 nisi
596 1535 675 1590 inane
691 1553 853 1607 vacansque.

47 1605 69 1624 “’
103 1595 297 1680 ergo‘prutter
313 1613 393 1665 inane
412 1617 440 1665 et
458 1627 573 1680 corpora
589 1612 674 1665 tertia
691 1629 742 1681 per
760 1631 790 1668 se
919 1629 956 1668 44⁵

101 1689 177 1742 nulla
193 1705 230 1757 po
274 1691 288 1741 t
305 1704 397 1741 rerum
415 1687 443 1739 in
461 1703 574 1741 numero
591 1693 690 1742 natura
707 1689 833 1759 relinqui,

102 1781 153 1818 nee
274 1759 312 1817 ub
330 1779 426 1817 sensus
444 1762 525 1816 eadat
542 1762 598 1817 ullo
615 1767 740 1832 tempore
758 1770 867 1832 nostros

102 1857 153 1894 nee
170 1841 278 1894 ratione
296 1839 379 1892 animi
397 1855 480 1907 quam
499 1839 643 1908 quisquam
660 1842 748 1909 possit
766 1844 857 1912 apisci.

137 1917 209 1970 Nam
227 1931 415 1985 quaecumque
432 1916 532 1979 cluent,
551 1920 599 1970 aut
617 1916 660 1970 his
677 1919 820 1974 coniuncta
838 1921 945 1976 duabus

22 2061 24 2065 Δ
102 1992 186 2046 rebus
204 2009 237 2046 ea
253 1992 375 2046 invenies
393 1995 441 2046 aut
459 1991 556 2045 horum
574 1996 673 2048 eventa
691 1993 804 2051 ridebis.
920 2013 957 2051 sto

102 2069 276 2122 coniunctum
293 2072 336 2122 est
353 2068 382 2121 id
400 2067 474 2136 quod
491 2086 625 2136 nusquam
643 2071 702 2125 sine
718 2073 858 2140 perniciali

103 2145 217 2199 discidio
234 2146 307 2214 potis
325 2149 367 2199 est
385 2145 490 2214 seiungi
508 2161 593 2214 seque
610 2149 727 2218 gregum,

103 2223 209 2291 pondus
226 2222 268 2276 uti
286 2222 379 2290 saxist,
397 2222 470 2275 calor
487 2222 566 2290 ignis,
584 2222 674 2292 liquor
691 2224 778 2294 aquai.

103 2315 193 2348 ‘ramus
203 2314 350 2348 corruamus
361 2315 460 2348 CUNGTIS
470 2315 587 2350 iussurus
598 2317 670 2349 INANI

104 2371 243 2425 servitium
263 2374 357 2424 eontra
373 2375 522 2439 paupertas
540 2371 715 2442 divitiaeque,
920 2389 957 2429 ets

102 2447 216 2502 libertas
234 2447 335 2502 bellum
354 2447 505 2514 concordia,
523 2451 617 2500 cetera
634 2464 750 2515 quorum

103 2521 224 2578 adventu
242 2528 335 2578 manet
353 2525 495 2578 incolumis
514 2529 613 2577 natura
631 2525 770 2595 abituque,

123 2617 170 2662 aee
188 2601 260 2654 soliti
279 2618 379 2667 sumus,
396 2605 428 2654 ut
446 2617 496 2667 par
514 2605 564 2667 ost,
583 2604 681 2654 eventa
699 2619 803 2657 voeare.

181 2694 213 2759 qs
230 2676 298 2730 item
314 2692 366 2743 per
383 2692 413 2730 se
430 2693 483 2730 non
503 2680 554 2743 est,
572 2676 622 2729 sed
640 2675 722 2730 rebus
740 2678 776 2732 ab
792 2678 859 2748 ipsis

1 2783 3 2794 ι
103 2753 279 2821 consequitur
298 2768 400 2816 seusus,
417 2755 588 2806 transactum
607 2752 674 2821 quid
692 2754 728 2807 eit
746 2757 774 2807 in
792 2772 865 2821 aero,
921 2769 957 2808 soa

104 2833 163 2884 tum
182 2845 315 2900 quaeres
333 2829 426 2897 instet,
444 2829 512 2898 quid
528 2845 611 2899 porro
630 2829 731 2884 deindo
749 2837 887 2900 sequatur.

1 2921 2 2924 ’
103 2923 153 2961 neo
170 2924 220 2976 per
238 2923 267 2960 se
286 2922 453 2976 quemquam
471 2908 581 2975 tempus
598 2906 701 2960 sentire
718 2907 889 2961 fatendumst

1 3035 2 3052 ἶ
79 2963 239 3113 ''egermbdm
256 2983 291 3036 ab
309 3001 402 3037 rerum
419 2987 497 3038 motu
514 2983 677 3056 ptaeidaque
695 2984 795 3053 quiete.

124 3061 222 3128 suique
240 3060 424 3128 Tyndaridem
443 3063 551 3129 raptam
569 3059 697 3130 belloque
715 3060 842 3114 subactas

1 3129 2 3146 ¹
103 3135 271 3205 Troiugenas
288 3137 380 3204 gentis
399 3153 460 3192 cum
480 3136 575 3190 dieunt
593 3153 660 3201 esso,
679 3135 856 3190 uidendumst
923 3151 961 3212 sos

102 3229 138 3267 ne
154 3213 226 3268 forte
244 3213 311 3268 haee
327 3229 379 3283 per
396 3229 427 3267 se
444 3218 545 3283 cogant
562 3230 612 3268 nos
630 3230 690 3268 esse
708 3212 798 3281 fateri,
