<?xml version="1.0" encoding="UTF-8"?>
<!DOCTYPE html PUBLIC "-//W3C//DTD XHTML 1.0 Transitional//EN"
    "http://www.w3.org/TR/xhtml1/DTD/xhtml1-transitional.dtd">
<html xmlns="http://www.w3.org/1999/xhtml" xml:lang="en" lang="en">
 <head>
  <title>
</title>
<meta http-equiv="Content-Type" content="text/html;charset=utf-8" />
  <meta name='ocr-system' content='tesseract 3.04.00' />
  <meta name='ocr-capabilities' content='ocr_page ocr_carea ocr_par ocr_line ocrx_word'/>
</head>
<body>
  <div class='ocr_page' id='page_1' title='image "./tlucreticarider11carugoog_0118.png"; bbox 0 0 2252 3530; ppageno 0'>
   <div class='ocr_carea' id='block_1_1' title="bbox 121 124 592 206">
    <p class='ocr_par' dir='ltr' id='par_1_1' title="bbox 121 124 592 206">
     <span class='ocr_line' id='line_1_1' title="bbox 121 124 592 206; baseline -0.011 -1"><span class='ocrx_word' id='word_1_1' title='bbox 121 147 159 206; x_wconf 81' lang='lat' dir='ltr'>ra</span> <span class='ocrx_word' id='word_1_2' title='bbox 512 145 565 201; x_wconf 87' lang='lat'>111</span> <span class='ocrx_word' id='word_1_3' title='bbox 589 124 592 129; x_wconf 80' lang='grc'><strong>’</strong></span> 
     </span>
    </p>
   </div>
   <div class='ocr_carea' id='block_1_2' title="bbox 120 241 973 618">
    <p class='ocr_par' dir='ltr' id='par_1_2' title="bbox 121 241 800 389">
     <span class='ocr_line' id='line_1_2' title="bbox 121 241 787 318; baseline -0.003 -15"><span class='ocrx_word' id='word_1_4' title='bbox 121 250 230 303; x_wconf 90' lang='lat' dir='ltr'>illorum</span> <span class='ocrx_word' id='word_1_5' title='bbox 247 249 320 316; x_wconf 90' lang='lat' dir='ltr'>potis</span> <span class='ocrx_word' id='word_1_6' title='bbox 338 251 387 316; x_wconf 82' lang='lat' dir='ltr'>est,</span> <span class='ocrx_word' id='word_1_7' title='bbox 405 249 442 318; x_wconf 82' lang='lat' dir='ltr'>ad</span> <span class='ocrx_word' id='word_1_8' title='bbox 460 241 544 301; x_wconf 72' lang='lat' dir='ltr'>litam</span> <span class='ocrx_word' id='word_1_9' title='bbox 563 248 609 316; x_wconf 89' lang='lat' dir='ltr'>qui</span> <span class='ocrx_word' id='word_1_10' title='bbox 627 250 787 301; x_wconf 84' lang='lat' dir='ltr'>revocantes</span> 
     </span>
     <span class='ocr_line' id='line_1_3' title="bbox 121 323 800 389; baseline -0.004 -11"><span class='ocrx_word' id='word_1_11' title='bbox 121 326 298 378; x_wconf 76' lang='lat' dir='ltr'><strong>circumstant</strong></span> <span class='ocrx_word' id='word_1_12' title='bbox 315 323 574 376; x_wconf 76' lang='lat' dir='ltr'>lacrimisirorantes</span> <span class='ocrx_word' id='word_1_13' title='bbox 592 339 639 374; x_wconf 87' lang='lat' dir='ltr'>ora</span> <span class='ocrx_word' id='word_1_14' title='bbox 656 339 800 389; x_wconf 80' lang='lat' dir='ltr'>genasque.</span> 
     </span>
    </p>

    <p class='ocr_par' dir='ltr' id='par_1_3' title="bbox 121 397 973 545">
     <span class='ocr_line' id='line_1_4' title="bbox 121 397 973 469; baseline 0.001 -16"><span class='ocrx_word' id='word_1_15' title='bbox 121 417 206 469; x_wconf 86' lang='lat' dir='ltr'>quare</span> <span class='ocrx_word' id='word_1_16' title='bbox 224 400 343 452; x_wconf 90' lang='lat' dir='ltr'>animum</span> <span class='ocrx_word' id='word_1_17' title='bbox 362 415 468 467; x_wconf 91' lang='lat' dir='ltr'>quoque</span> <span class='ocrx_word' id='word_1_18' title='bbox 487 397 600 450; x_wconf 89' lang='lat' dir='ltr'>dissolui</span> <span class='ocrx_word' id='word_1_19' title='bbox 616 398 719 451; x_wconf 85' lang='lat' dir='ltr'>fateare</span> <span class='ocrx_word' id='word_1_20' title='bbox 736 403 881 464; x_wconf 77' lang='lat' dir='ltr'>necessest,</span> <span class='ocrx_word' id='word_1_21' title='bbox 932 415 973 454; x_wconf 82' lang='lat'>470</span> 
     </span>
     <span class='ocr_line' id='line_1_5' title="bbox 121 474 886 545; baseline -0.001 -16"><span class='ocrx_word' id='word_1_22' title='bbox 121 474 341 545; x_wconf 88' lang='lat' dir='ltr'>quandoquidem</span> <span class='ocrx_word' id='word_1_23' title='bbox 359 478 506 542; x_wconf 87' lang='lat' dir='ltr'>penetrant</span> <span class='ocrx_word' id='word_1_24' title='bbox 523 474 551 527; x_wconf 90' lang='lat' dir='ltr'>in</span> <span class='ocrx_word' id='word_1_25' title='bbox 569 491 632 528; x_wconf 91' lang='lat' dir='ltr'>eum</span> <span class='ocrx_word' id='word_1_26' title='bbox 650 476 775 542; x_wconf 80' lang='lat' dir='ltr'>contagia</span> <span class='ocrx_word' id='word_1_27' title='bbox 792 476 886 528; x_wconf 81' lang='lat' dir='ltr'>morbi.</span> 
     </span>
    </p>

    <p class='ocr_par' dir='ltr' id='par_1_4' title="bbox 120 549 857 618">
     <span class='ocr_line' id='line_1_6' title="bbox 120 549 857 618; baseline 0 -14"><span class='ocrx_word' id='word_1_28' title='bbox 120 569 182 614; x_wconf 83' lang='lat' dir='ltr'>uam</span> <span class='ocrx_word' id='word_1_29' title='bbox 201 551 279 605; x_wconf 89' lang='lat' dir='ltr'>dolor</span> <span class='ocrx_word' id='word_1_30' title='bbox 297 567 327 604; x_wconf 87' lang='lat' dir='ltr'>ac</span> <span class='ocrx_word' id='word_1_31' title='bbox 345 550 456 604; x_wconf 88' lang='lat' dir='ltr'>morbus</span> <span class='ocrx_word' id='word_1_32' title='bbox 473 550 522 604; x_wconf 86' lang='lat' dir='ltr'>leti</span> <span class='ocrx_word' id='word_1_33' title='bbox 540 549 687 604; x_wconf 85' lang='lat' dir='ltr'>fabricator</span> <span class='ocrx_word' id='word_1_34' title='bbox 705 554 857 618; x_wconf 86' lang='lat' dir='ltr'>uterquest,</span> 
     </span>
    </p>
   </div>
   <div class='ocr_carea' id='block_1_3' title="bbox 119 626 804 757">
    <p class='ocr_par' dir='ltr' id='par_1_5' title="bbox 119 626 804 757">
     <span class='ocr_line' id='line_1_7' title="bbox 120 626 804 695; baseline 0 -15"><span class='ocrx_word' id='word_1_35' title='bbox 120 629 266 681; x_wconf 90' lang='lat' dir='ltr'>multorum</span> <span class='ocrx_word' id='word_1_36' title='bbox 286 627 370 680; x_wconf 87' lang='lat' dir='ltr'>exitio</span> <span class='ocrx_word' id='word_1_37' title='bbox 388 626 513 694; x_wconf 87' lang='lat' dir='ltr'>perdocti</span> <span class='ocrx_word' id='word_1_38' title='bbox 532 626 606 695; x_wconf 90' lang='lat' dir='ltr'>quod</span> <span class='ocrx_word' id='word_1_39' title='bbox 624 643 715 679; x_wconf 86' lang='lat' dir='ltr'>sumus</span> <span class='ocrx_word' id='word_1_40' title='bbox 733 631 804 680; x_wconf 82' lang='lat' dir='ltr'>anto.</span> 
     </span>
     <span class='ocr_line' id='line_1_8' title="bbox 119 719 745 757; baseline 0 -7"><span class='ocrx_word' id='word_1_41' title='bbox 119 720 148 750; x_wconf 78' lang='lat' dir='ltr'>ET</span> <span class='ocrx_word' id='word_1_42' title='bbox 158 719 269 757; x_wconf 76' lang='lat' dir='ltr'><strong>QUONIAM</strong></span> <span class='ocrx_word' id='word_1_43' title='bbox 283 719 383 750; x_wconf 76' lang='lat' dir='ltr'>MENTEM</span> <span class='ocrx_word' id='word_1_44' title='bbox 395 719 485 750; x_wconf 73' lang='lat' dir='ltr'>SANAM</span> <span class='ocrx_word' id='word_1_45' title='bbox 498 720 587 752; x_wconf 77' lang='lat' dir='ltr'>CORPUS</span> <span class='ocrx_word' id='word_1_46' title='bbox 599 721 631 751; x_wconf 77' lang='lat' dir='ltr'>UT</span> <span class='ocrx_word' id='word_1_47' title='bbox 643 720 745 751; x_wconf 66' lang='lat' dir='ltr'>Aconum</span> 
     </span>
    </p>
   </div>
   <div class='ocr_carea' id='block_1_4' title="bbox 45 786 999 3266">
    <p class='ocr_par' dir='ltr' id='par_1_6' title="bbox 119 786 972 918">
     <span class='ocr_line' id='line_1_9' title="bbox 119 786 972 830; baseline 0.001 -11"><span class='ocrx_word' id='word_1_48' title='bbox 119 788 148 819; x_wconf 75' lang='lat' dir='ltr'>Er</span> <span class='ocrx_word' id='word_1_49' title='bbox 162 787 376 819; x_wconf 64' lang='lat' dir='ltr'>nummulariam!</span> <span class='ocrx_word' id='word_1_50' title='bbox 395 786 484 820; x_wconf 68' lang='lat' dir='ltr'>annual</span> <span class='ocrx_word' id='word_1_51' title='bbox 502 788 592 820; x_wconf 75' lang='lat' dir='ltr'>CORPUS</span> <span class='ocrx_word' id='word_1_52' title='bbox 608 788 678 819; x_wconf 79' lang='lat' dir='ltr'>INANI</span> <span class='ocrx_word' id='word_1_53' title='bbox 932 789 972 830; x_wconf 78' lang='grc'>475</span> 
     </span>
     <span class='ocr_line' id='line_1_10' title="bbox 120 848 848 918; baseline 0.007 -18"><span class='ocrx_word' id='word_1_54' title='bbox 120 849 237 916; x_wconf 88' lang='lat' dir='ltr'>denique</span> <span class='ocrx_word' id='word_1_55' title='bbox 256 865 310 915; x_wconf 88' lang='lat' dir='ltr'>cur,</span> <span class='ocrx_word' id='word_1_56' title='bbox 329 848 466 901; x_wconf 90' lang='lat' dir='ltr'>hominem</span> <span class='ocrx_word' id='word_1_57' title='bbox 484 865 544 901; x_wconf 90' lang='lat' dir='ltr'>cum</span> <span class='ocrx_word' id='word_1_58' title='bbox 563 848 618 900; x_wconf 90' lang='lat' dir='ltr'>vini</span> <span class='ocrx_word' id='word_1_59' title='bbox 635 850 677 902; x_wconf 81' lang='lat' dir='ltr'>vis</span> <span class='ocrx_word' id='word_1_60' title='bbox 693 851 848 918; x_wconf 79' lang='lat' dir='ltr'>penetravit</span> 
     </span>
    </p>

    <p class='ocr_par' dir='ltr' id='par_1_7' title="bbox 120 923 755 992">
     <span class='ocr_line' id='line_1_11' title="bbox 120 923 755 992; baseline 0.003 -16"><span class='ocrx_word' id='word_1_61' title='bbox 120 924 190 976; x_wconf 87' lang='lat' dir='ltr'>acris</span> <span class='ocrx_word' id='word_1_62' title='bbox 209 929 237 978; x_wconf 92' lang='lat' dir='ltr'>ct</span> <span class='ocrx_word' id='word_1_63' title='bbox 254 925 282 976; x_wconf 93' lang='lat' dir='ltr'>in</span> <span class='ocrx_word' id='word_1_64' title='bbox 301 941 382 976; x_wconf 88' lang='lat' dir='ltr'>venas</span> <span class='ocrx_word' id='word_1_65' title='bbox 402 924 526 977; x_wconf 80' lang='lat' dir='ltr'>discessit</span> <span class='ocrx_word' id='word_1_66' title='bbox 544 923 648 977; x_wconf 90' lang='lat' dir='ltr'>diditus</span> <span class='ocrx_word' id='word_1_67' title='bbox 666 926 755 992; x_wconf 86' lang='lat' dir='ltr'>ardor,</span> 
     </span>
    </p>

    <p class='ocr_par' dir='ltr' id='par_1_8' title="bbox 120 1000 875 1146">
     <span class='ocr_line' id='line_1_12' title="bbox 121 1000 875 1071; baseline 0.003 -19"><span class='ocrx_word' id='word_1_68' title='bbox 121 1000 295 1066; x_wconf 79' lang='lat' dir='ltr'>consequitur</span> <span class='ocrx_word' id='word_1_69' title='bbox 312 1000 437 1066; x_wconf 76' lang='lat' dir='ltr'>gravitas</span> <span class='ocrx_word' id='word_1_70' title='bbox 450 1000 643 1067; x_wconf 86' lang='lat' dir='ltr'>membrorum,</span> <span class='ocrx_word' id='word_1_71' title='bbox 660 1002 875 1071; x_wconf 86' lang='lat' dir='ltr'>praepediuntur</span> 
     </span>
     <span class='ocr_line' id='line_1_13' title="bbox 120 1074 846 1146; baseline 0.006 -18"><span class='ocrx_word' id='word_1_72' title='bbox 120 1091 200 1128; x_wconf 88' lang='lat' dir='ltr'>crura</span> <span class='ocrx_word' id='word_1_73' title='bbox 218 1075 363 1142; x_wconf 83' lang='lat' dir='ltr'>vacillanti,</span> <span class='ocrx_word' id='word_1_74' title='bbox 382 1074 514 1128; x_wconf 79' lang='lat' dir='ltr'>tardescit</span> <span class='ocrx_word' id='word_1_75' title='bbox 532 1075 630 1142; x_wconf 88' lang='lat' dir='ltr'>lingua,</span> <span class='ocrx_word' id='word_1_76' title='bbox 650 1077 744 1131; x_wconf 87' lang='lat' dir='ltr'>madet</span> <span class='ocrx_word' id='word_1_77' title='bbox 761 1095 846 1146; x_wconf 89' lang='lat' dir='ltr'>mens,</span> 
     </span>
    </p>

    <p class='ocr_par' dir='ltr' id='par_1_9' title="bbox 120 1143 999 1450">
     <span class='ocr_line' id='line_1_14' title="bbox 120 1143 999 1222; baseline 0.007 -20"><span class='ocrx_word' id='word_1_78' title='bbox 120 1156 187 1204; x_wconf 90' lang='lat' dir='ltr'>nant</span> <span class='ocrx_word' id='word_1_79' title='bbox 205 1151 280 1218; x_wconf 91' lang='lat' dir='ltr'>oculi,</span> <span class='ocrx_word' id='word_1_80' title='bbox 300 1151 401 1216; x_wconf 77' lang='lat' dir='ltr'>clamor</span> <span class='ocrx_word' id='word_1_81' title='bbox 412 1143 554 1217; x_wconf 66' lang='lat' dir='ltr'>“singultus</span> <span class='ocrx_word' id='word_1_82' title='bbox 572 1152 660 1220; x_wconf 86' lang='lat' dir='ltr'>iurgia</span> <span class='ocrx_word' id='word_1_83' title='bbox 677 1154 803 1222; x_wconf 80' lang='lat' dir='ltr'>gliscunt,</span> <span class='ocrx_word' id='word_1_84' title='bbox 932 1169 973 1207; x_wconf 70' lang='lat' dir='ltr'>coo</span> <span class='ocrx_word' id='word_1_85' title='bbox 995 1199 999 1208; x_wconf 81' lang='lat'>.</span> 
     </span>
     <span class='ocr_line' id='line_1_15' title="bbox 122 1226 934 1298; baseline 0.002 -18"><span class='ocrx_word' id='word_1_86' title='bbox 122 1230 150 1280; x_wconf 86' lang='lat' dir='ltr'>et</span> <span class='ocrx_word' id='word_1_87' title='bbox 167 1227 221 1279; x_wconf 87' lang='lat' dir='ltr'>iam</span> <span class='ocrx_word' id='word_1_88' title='bbox 240 1230 332 1280; x_wconf 86' lang='lat' dir='ltr'>cetera</span> <span class='ocrx_word' id='word_1_89' title='bbox 350 1226 385 1280; x_wconf 88' lang='lat' dir='ltr'>de</span> <span class='ocrx_word' id='word_1_90' title='bbox 403 1243 509 1293; x_wconf 86' lang='lat' dir='ltr'>genere·</span> <span class='ocrx_word' id='word_1_91' title='bbox 522 1227 574 1280; x_wconf 89' lang='lat' dir='ltr'>hoc</span> <span class='ocrx_word' id='word_1_92' title='bbox 593 1245 780 1298; x_wconf 86' lang='lat' dir='ltr'>quaecumque</span> <span class='ocrx_word' id='word_1_93' title='bbox 798 1234 934 1298; x_wconf 87' lang='lat' dir='ltr'>secuntur,</span> 
     </span>
     <span class='ocr_line' id='line_1_16' title="bbox 121 1303 814 1370; baseline 0.006 -15"><span class='ocrx_word' id='word_1_94' title='bbox 121 1319 169 1355; x_wconf 89' lang='lat' dir='ltr'>cur</span> <span class='ocrx_word' id='word_1_95' title='bbox 187 1319 220 1356; x_wconf 88' lang='lat' dir='ltr'>ea</span> <span class='ocrx_word' id='word_1_96' title='bbox 238 1306 308 1369; x_wconf 89' lang='lat' dir='ltr'>sunt,</span> <span class='ocrx_word' id='word_1_97' title='bbox 328 1303 379 1355; x_wconf 91' lang='lat' dir='ltr'>nisi</span> <span class='ocrx_word' id='word_1_98' title='bbox 398 1303 471 1370; x_wconf 91' lang='lat' dir='ltr'>quod</span> <span class='ocrx_word' id='word_1_99' title='bbox 489 1319 600 1355; x_wconf 85' lang='lat' dir='ltr'>vemens</span> <span class='ocrx_word' id='word_1_100' title='bbox 616 1304 743 1358; x_wconf 77' lang='lat' dir='ltr'>uiolentia</span> <span class='ocrx_word' id='word_1_101' title='bbox 760 1307 814 1359; x_wconf 88' lang='lat' dir='ltr'>vini</span> 
     </span>
     <span class='ocr_line' id='line_1_17' title="bbox 121 1378 847 1450; baseline 0.008 -20"><span class='ocrx_word' id='word_1_102' title='bbox 121 1378 283 1430; x_wconf 89' lang='lat' dir='ltr'>conturbare</span> <span class='ocrx_word' id='word_1_103' title='bbox 302 1379 418 1431; x_wconf 89' lang='lat' dir='ltr'>animam</span> <span class='ocrx_word' id='word_1_104' title='bbox 436 1379 576 1431; x_wconf 86' lang='lat' dir='ltr'>consuevit</span> <span class='ocrx_word' id='word_1_105' title='bbox 595 1396 707 1448; x_wconf 91' lang='lat' dir='ltr'>corpore</span> <span class='ocrx_word' id='word_1_106' title='bbox 726 1383 753 1434; x_wconf 91' lang='lat' dir='ltr'>in</span> <span class='ocrx_word' id='word_1_107' title='bbox 770 1383 847 1450; x_wconf 88' lang='lat' dir='ltr'>ipsol</span> 
     </span>
    </p>

    <p class='ocr_par' dir='ltr' id='par_1_10' title="bbox 121 1455 973 1750">
     <span class='ocr_line' id='line_1_18' title="bbox 121 1455 865 1530; baseline 0.008 -24"><span class='ocrx_word' id='word_1_108' title='bbox 121 1458 150 1507; x_wconf 90' lang='lat' dir='ltr'>at</span> <span class='ocrx_word' id='word_1_109' title='bbox 168 1471 354 1522; x_wconf 84' lang='lat' dir='ltr'>quaecumque</span> <span class='ocrx_word' id='word_1_110' title='bbox 373 1458 476 1522; x_wconf 88' lang='lat' dir='ltr'>queunt</span> <span class='ocrx_word' id='word_1_111' title='bbox 495 1455 652 1508; x_wconf 86' lang='lat' dir='ltr'>conturbari</span> <span class='ocrx_word' id='word_1_112' title='bbox 669 1458 750 1526; x_wconf 89' lang='lat' dir='ltr'>inque</span> <span class='ocrx_word' id='word_1_113' title='bbox 768 1459 865 1530; x_wconf 74' lang='lat' dir='ltr'>pediti,</span> 
     </span>
     <span class='ocr_line' id='line_1_19' title="bbox 121 1529 973 1598; baseline 0.005 -16"><span class='ocrx_word' id='word_1_114' title='bbox 121 1529 280 1597; x_wconf 83' lang='lat' dir='ltr'>significant,</span> <span class='ocrx_word' id='word_1_115' title='bbox 298 1530 378 1598; x_wconf 87' lang='lat' dir='ltr'>paulo</span> <span class='ocrx_word' id='word_1_116' title='bbox 397 1531 419 1581; x_wconf 92' lang='lat' dir='ltr'>si</span> <span class='ocrx_word' id='word_1_117' title='bbox 438 1530 531 1582; x_wconf 89' lang='lat' dir='ltr'>durior</span> <span class='ocrx_word' id='word_1_118' title='bbox 549 1531 692 1586; x_wconf 89' lang='lat' dir='ltr'>insinuarit</span> <span class='ocrx_word' id='word_1_119' title='bbox 932 1548 973 1586; x_wconf 69' lang='lat' dir='ltr'>ess</span> 
     </span>
     <span class='ocr_line' id='line_1_20' title="bbox 121 1605 790 1674; baseline 0.007 -16"><span class='ocrx_word' id='word_1_120' title='bbox 121 1622 208 1672; x_wconf 83' lang='lat' dir='ltr'>causa,</span> <span class='ocrx_word' id='word_1_121' title='bbox 225 1605 284 1658; x_wconf 87' lang='lat' dir='ltr'>fore</span> <span class='ocrx_word' id='word_1_122' title='bbox 301 1609 333 1658; x_wconf 92' lang='lat' dir='ltr'>ut</span> <span class='ocrx_word' id='word_1_123' title='bbox 351 1609 466 1673; x_wconf 86' lang='lat' dir='ltr'>pereant</span> <span class='ocrx_word' id='word_1_124' title='bbox 484 1623 549 1658; x_wconf 85' lang='lat' dir='ltr'>acuo</span> <span class='ocrx_word' id='word_1_125' title='bbox 568 1606 673 1674; x_wconf 82' lang='lat' dir='ltr'>priuata</span> <span class='ocrx_word' id='word_1_126' title='bbox 690 1609 790 1663; x_wconf 82' lang='lat' dir='ltr'>futuro.</span> 
     </span>
     <span class='ocr_line' id='line_1_21' title="bbox 122 1681 776 1750; baseline 0.009 -18"><span class='ocrx_word' id='word_1_127' title='bbox 122 1681 288 1749; x_wconf 88' lang='lat' dir='ltr'>quinetiam</span> <span class='ocrx_word' id='word_1_128' title='bbox 308 1681 399 1734; x_wconf 89' lang='lat' dir='ltr'>subito</span> <span class='ocrx_word' id='word_1_129' title='bbox 418 1681 443 1733; x_wconf 89' lang='lat' dir='ltr'>vi</span> <span class='ocrx_word' id='word_1_130' title='bbox 461 1681 549 1733; x_wconf 89' lang='lat' dir='ltr'>morbi</span> <span class='ocrx_word' id='word_1_131' title='bbox 569 1699 650 1750; x_wconf 83' lang='lat' dir='ltr'>saepe</span> <span class='ocrx_word' id='word_1_132' title='bbox 667 1689 776 1738; x_wconf 84' lang='lat' dir='ltr'>coactus</span> 
     </span>
    </p>

    <p class='ocr_par' dir='ltr' id='par_1_11' title="bbox 121 1756 814 1827">
     <span class='ocr_line' id='line_1_22' title="bbox 121 1756 814 1827; baseline 0.009 -18"><span class='ocrx_word' id='word_1_133' title='bbox 121 1758 186 1810; x_wconf 90' lang='lat' dir='ltr'>ante</span> <span class='ocrx_word' id='word_1_134' title='bbox 204 1757 295 1810; x_wconf 89' lang='lat' dir='ltr'>oculos</span> <span class='ocrx_word' id='word_1_135' title='bbox 314 1756 410 1824; x_wconf 86' lang='lat' dir='ltr'>aliquis</span> <span class='ocrx_word' id='word_1_136' title='bbox 429 1760 543 1823; x_wconf 89' lang='lat' dir='ltr'>nostros,</span> <span class='ocrx_word' id='word_1_137' title='bbox 564 1761 596 1810; x_wconf 91' lang='lat' dir='ltr'>ut</span> <span class='ocrx_word' id='word_1_138' title='bbox 613 1759 733 1813; x_wconf 85' lang='lat' dir='ltr'>fulminis</span> <span class='ocrx_word' id='word_1_139' title='bbox 750 1761 814 1827; x_wconf 88' lang='lat' dir='ltr'>ictu,</span> 
     </span>
    </p>

    <p class='ocr_par' dir='ltr' id='par_1_12' title="bbox 45 1832 996 2054">
     <span class='ocr_line' id='line_1_23' title="bbox 121 1832 996 1902; baseline 0.006 -16"><span class='ocrx_word' id='word_1_140' title='bbox 121 1832 239 1886; x_wconf 86' lang='lat' dir='ltr'>concidit</span> <span class='ocrx_word' id='word_1_141' title='bbox 258 1837 286 1886; x_wconf 89' lang='lat' dir='ltr'>et</span> <span class='ocrx_word' id='word_1_142' title='bbox 305 1849 413 1900; x_wconf 87' lang='lat' dir='ltr'>spumas</span> <span class='ocrx_word' id='word_1_143' title='bbox 431 1832 497 1899; x_wconf 85' lang='lat' dir='ltr'>agit,</span> <span class='ocrx_word' id='word_1_144' title='bbox 516 1833 629 1900; x_wconf 83' lang='lat' dir='ltr'>ingemit</span> <span class='ocrx_word' id='word_1_145' title='bbox 647 1838 676 1888; x_wconf 91' lang='lat' dir='ltr'>et</span> <span class='ocrx_word' id='word_1_146' title='bbox 694 1837 788 1889; x_wconf 87' lang='lat' dir='ltr'>tremit</span> <span class='ocrx_word' id='word_1_147' title='bbox 805 1839 889 1902; x_wconf 75' lang='lat' dir='ltr'>artae,</span> <span class='ocrx_word' id='word_1_148' title='bbox 993 1896 996 1902; x_wconf 21' lang='grc' dir='ltr'><strong>Δ</strong></span> 
     </span>
     <span class='ocr_line' id='line_1_24' title="bbox 45 1908 973 1978; baseline 0.005 -17"><span class='ocrx_word' id='word_1_149' title='bbox 45 1909 47 1912; x_wconf 79' lang='grc'><strong>’</strong></span> <span class='ocrx_word' id='word_1_150' title='bbox 121 1908 228 1977; x_wconf 86' lang='lat' dir='ltr'>desipit,</span> <span class='ocrx_word' id='word_1_151' title='bbox 247 1913 372 1962; x_wconf 79' lang='lat' dir='ltr'>extentat</span> <span class='ocrx_word' id='word_1_152' title='bbox 390 1925 495 1976; x_wconf 87' lang='lat' dir='ltr'>nervos,</span> <span class='ocrx_word' id='word_1_153' title='bbox 514 1911 665 1978; x_wconf 86' lang='lat' dir='ltr'>torquetur,</span> <span class='ocrx_word' id='word_1_154' title='bbox 683 1912 792 1965; x_wconf 82' lang='lat' dir='ltr'>anhelat</span> <span class='ocrx_word' id='word_1_155' title='bbox 934 1927 973 1966; x_wconf 76' lang='lat' dir='ltr'>loo</span> 
     </span>
     <span class='ocr_line' id='line_1_25' title="bbox 119 1984 817 2054; baseline 0.007 -16"><span class='ocrx_word' id='word_1_156' title='bbox 119 1986 312 2051; x_wconf 88' lang='lat' dir='ltr'>inconstanter,</span> <span class='ocrx_word' id='word_1_157' title='bbox 333 1989 361 2037; x_wconf 86' lang='lat' dir='ltr'>et</span> <span class='ocrx_word' id='word_1_158' title='bbox 379 1984 407 2036; x_wconf 93' lang='lat' dir='ltr'>in</span> <span class='ocrx_word' id='word_1_159' title='bbox 425 1984 551 2036; x_wconf 89' lang='lat' dir='ltr'>iactando</span> <span class='ocrx_word' id='word_1_160' title='bbox 571 1985 693 2038; x_wconf 87' lang='lat' dir='ltr'>membra</span> <span class='ocrx_word' id='word_1_161' title='bbox 711 1987 817 2054; x_wconf 85' lang='lat' dir='ltr'>fatigat.</span> 
     </span>
    </p>

    <p class='ocr_par' dir='ltr' id='par_1_13' title="bbox 121 2059 804 2130">
     <span class='ocr_line' id='line_1_26' title="bbox 121 2059 804 2130; baseline 0.006 -17"><span class='ocrx_word' id='word_1_162' title='bbox 121 2061 247 2114; x_wconf 84' lang='lat' dir='ltr'>nimirum</span> <span class='ocrx_word' id='word_1_163' title='bbox 266 2061 328 2129; x_wconf 91' lang='lat' dir='ltr'>quia</span> <span class='ocrx_word' id='word_1_164' title='bbox 346 2061 388 2113; x_wconf 83' lang='lat' dir='ltr'>ris</span> <span class='ocrx_word' id='word_1_165' title='bbox 404 2059 491 2114; x_wconf 88' lang='lat' dir='ltr'>morbi</span> <span class='ocrx_word' id='word_1_166' title='bbox 510 2061 644 2115; x_wconf 81' lang='lat' dir='ltr'>distracta</span> <span class='ocrx_word' id='word_1_167' title='bbox 662 2079 711 2130; x_wconf 91' lang='lat' dir='ltr'>per</span> <span class='ocrx_word' id='word_1_168' title='bbox 728 2068 804 2117; x_wconf 87' lang='lat' dir='ltr'>artus</span> 
     </span>
    </p>

    <p class='ocr_par' dir='ltr' id='par_1_14' title="bbox 120 2137 972 2274">
     <span class='ocr_line' id='line_1_27' title="bbox 120 2137 972 2207; baseline 0.004 -17"><span class='ocrx_word' id='word_1_169' title='bbox 120 2137 225 2204; x_wconf 85' lang='lat' dir='ltr'>turbat,</span> <span class='ocrx_word' id='word_1_170' title='bbox 244 2154 326 2204; x_wconf 86' lang='lat' dir='ltr'>agens</span> <span class='ocrx_word' id='word_1_171' title='bbox 346 2137 463 2190; x_wconf 86' lang='lat' dir='ltr'>animam</span> <span class='ocrx_word' id='word_1_172' title='bbox 484 2141 600 2206; x_wconf 87' lang='lat' dir='ltr'>spumat,</span> <span class='ocrx_word' id='word_1_173' title='bbox 621 2140 698 2206; x_wconf 90' lang='lat' dir='ltr'>quasi</span> <span class='ocrx_word' id='word_1_174' title='bbox 717 2139 744 2192; x_wconf 90' lang='lat' dir='ltr'>in</span> <span class='ocrx_word' id='word_1_175' title='bbox 763 2157 882 2207; x_wconf 85' lang='lat' dir='ltr'>aequore</span> <span class='ocrx_word' id='word_1_176' title='bbox 900 2139 972 2193; x_wconf 88' lang='lat' dir='ltr'>salso</span> 
     </span>
     <span class='ocr_line' id='line_1_28' title="bbox 121 2213 787 2274; baseline 0.005 -8"><span class='ocrx_word' id='word_1_177' title='bbox 121 2217 264 2266; x_wconf 87' lang='lat' dir='ltr'>ventorum</span> <span class='ocrx_word' id='word_1_178' title='bbox 282 2213 378 2265; x_wconf 84' lang='lat' dir='ltr'>validis</span> <span class='ocrx_word' id='word_1_179' title='bbox 396 2213 552 2266; x_wconf 84' lang='lat' dir='ltr'>fervescunt</span> <span class='ocrx_word' id='word_1_180' title='bbox 570 2213 674 2274; x_wconf 85' lang='lat' dir='ltr'>viribus</span> <span class='ocrx_word' id='word_1_181' title='bbox 691 2217 787 2269; x_wconf 89' lang='lat' dir='ltr'>undae.</span> 
     </span>
    </p>

    <p class='ocr_par' dir='ltr' id='par_1_15' title="bbox 120 2288 973 2431">
     <span class='ocr_line' id='line_1_29' title="bbox 120 2288 973 2358; baseline -0.001 -16"><span class='ocrx_word' id='word_1_182' title='bbox 120 2289 281 2357; x_wconf 83' lang='lat' dir='ltr'>exprimitur</span> <span class='ocrx_word' id='word_1_183' title='bbox 300 2305 381 2358; x_wconf 89' lang='lat' dir='ltr'>porro</span> <span class='ocrx_word' id='word_1_184' title='bbox 400 2288 526 2356; x_wconf 83' lang='lat' dir='ltr'>gemitus,</span> <span class='ocrx_word' id='word_1_185' title='bbox 546 2290 609 2356; x_wconf 86' lang='lat' dir='ltr'>quia</span> <span class='ocrx_word' id='word_1_186' title='bbox 627 2291 749 2344; x_wconf 84' lang='lat' dir='ltr'>membra</span> <span class='ocrx_word' id='word_1_187' title='bbox 767 2291 860 2345; x_wconf 88' lang='lat' dir='ltr'>doloro</span> <span class='ocrx_word' id='word_1_188' title='bbox 935 2303 973 2342; x_wconf 67' lang='lat' dir='ltr'>aas</span> 
     </span>
     <span class='ocr_line' id='line_1_30' title="bbox 120 2365 764 2431; baseline 0.003 -13"><span class='ocrx_word' id='word_1_189' title='bbox 120 2365 285 2418; x_wconf 89' lang='lat' dir='ltr'>adficiuntur</span> <span class='ocrx_word' id='word_1_190' title='bbox 304 2369 332 2418; x_wconf 88' lang='lat' dir='ltr'>et</span> <span class='ocrx_word' id='word_1_191' title='bbox 351 2365 461 2416; x_wconf 88' lang='lat' dir='ltr'>omnino</span> <span class='ocrx_word' id='word_1_192' title='bbox 480 2365 553 2431; x_wconf 89' lang='lat' dir='ltr'>quod</span> <span class='ocrx_word' id='word_1_193' title='bbox 572 2366 674 2420; x_wconf 88' lang='lat' dir='ltr'>semina</span> <span class='ocrx_word' id='word_1_194' title='bbox 691 2367 764 2420; x_wconf 80' lang='lat' dir='ltr'>vocis</span> 
     </span>
    </p>

    <p class='ocr_par' dir='ltr' id='par_1_16' title="bbox 120 2440 777 2507">
     <span class='ocr_line' id='line_1_31' title="bbox 120 2440 777 2507; baseline 0 -13"><span class='ocrx_word' id='word_1_195' title='bbox 120 2441 258 2494; x_wconf 90' lang='lat' dir='ltr'>eiciuntur</span> <span class='ocrx_word' id='word_1_196' title='bbox 276 2444 306 2493; x_wconf 88' lang='lat' dir='ltr'>ct</span> <span class='ocrx_word' id='word_1_197' title='bbox 323 2457 370 2493; x_wconf 87' lang='lat' dir='ltr'>ore</span> <span class='ocrx_word' id='word_1_198' title='bbox 389 2440 461 2493; x_wconf 85' lang='lat' dir='ltr'>foras</span> <span class='ocrx_word' id='word_1_199' title='bbox 480 2441 632 2507; x_wconf 85' lang='lat' dir='ltr'>glomerata</span> <span class='ocrx_word' id='word_1_200' title='bbox 650 2443 777 2496; x_wconf 85' lang='lat' dir='ltr'>feruntur</span> 
     </span>
    </p>

    <p class='ocr_par' dir='ltr' id='par_1_17' title="bbox 120 2517 786 2586">
     <span class='ocr_line' id='line_1_32' title="bbox 120 2517 786 2586; baseline 0 -16"><span class='ocrx_word' id='word_1_201' title='bbox 120 2533 174 2586; x_wconf 85' lang='lat' dir='ltr'>qua</span> <span class='ocrx_word' id='word_1_202' title='bbox 192 2517 269 2585; x_wconf 89' lang='lat' dir='ltr'>quasi</span> <span class='ocrx_word' id='word_1_203' title='bbox 288 2519 454 2569; x_wconf 88' lang='lat' dir='ltr'>consuerunt</span> <span class='ocrx_word' id='word_1_204' title='bbox 473 2518 501 2568; x_wconf 93' lang='lat' dir='ltr'>et</span> <span class='ocrx_word' id='word_1_205' title='bbox 521 2520 585 2570; x_wconf 90' lang='lat' dir='ltr'>sunt</span> <span class='ocrx_word' id='word_1_206' title='bbox 603 2518 708 2571; x_wconf 86' lang='lat' dir='ltr'>munita</span> <span class='ocrx_word' id='word_1_207' title='bbox 725 2518 786 2570; x_wconf 83' lang='lat' dir='ltr'>viai.</span> 
     </span>
    </p>

    <p class='ocr_par' dir='ltr' id='par_1_18' title="bbox 120 2591 799 2733">
     <span class='ocr_line' id='line_1_33' title="bbox 120 2591 799 2661; baseline 0.003 -15"><span class='ocrx_word' id='word_1_208' title='bbox 120 2592 282 2661; x_wconf 86' lang='lat' dir='ltr'>desipientia</span> <span class='ocrx_word' id='word_1_209' title='bbox 300 2592 338 2657; x_wconf 89' lang='lat' dir='ltr'>fit,</span> <span class='ocrx_word' id='word_1_210' title='bbox 357 2591 421 2660; x_wconf 86' lang='lat' dir='ltr'>quia</span> <span class='ocrx_word' id='word_1_211' title='bbox 438 2592 478 2644; x_wconf 84' lang='lat' dir='ltr'>vis</span> <span class='ocrx_word' id='word_1_212' title='bbox 497 2591 580 2644; x_wconf 90' lang='lat' dir='ltr'>animi</span> <span class='ocrx_word' id='word_1_213' title='bbox 598 2597 682 2660; x_wconf 83' lang='lat' dir='ltr'>atquc</span> <span class='ocrx_word' id='word_1_214' title='bbox 700 2594 799 2648; x_wconf 78' lang='lat' dir='ltr'>animai</span> 
     </span>
     <span class='ocr_line' id='line_1_34' title="bbox 121 2666 755 2733; baseline 0 -11"><span class='ocrx_word' id='word_1_215' title='bbox 121 2667 301 2722; x_wconf 86' lang='lat' dir='ltr'>conturbatur</span> <span class='ocrx_word' id='word_1_216' title='bbox 319 2671 355 2733; x_wconf 87' lang='lat' dir='ltr'>et,</span> <span class='ocrx_word' id='word_1_217' title='bbox 373 2671 405 2720; x_wconf 91' lang='lat' dir='ltr'>ut</span> <span class='ocrx_word' id='word_1_218' title='bbox 424 2667 510 2733; x_wconf 90' lang='lat' dir='ltr'>docui,</span> <span class='ocrx_word' id='word_1_219' title='bbox 530 2666 616 2720; x_wconf 82' lang='lat' dir='ltr'>divisa</span> <span class='ocrx_word' id='word_1_220' title='bbox 634 2685 755 2722; x_wconf 87' lang='lat' dir='ltr'>seorsum</span> 
     </span>
    </p>

    <p class='ocr_par' dir='ltr' id='par_1_19' title="bbox 121 2743 739 2798">
     <span class='ocr_line' id='line_1_35' title="bbox 121 2743 739 2798; baseline 0 -1"><span class='ocrx_word' id='word_1_221' title='bbox 121 2744 281 2797; x_wconf 86' lang='lat' dir='ltr'>disiectatur</span> <span class='ocrx_word' id='word_1_222' title='bbox 300 2743 397 2796; x_wconf 87' lang='lat' dir='ltr'>eodem</span> <span class='ocrx_word' id='word_1_223' title='bbox 416 2743 462 2795; x_wconf 91' lang='lat' dir='ltr'>illo</span> <span class='ocrx_word' id='word_1_224' title='bbox 481 2743 613 2796; x_wconf 87' lang='lat' dir='ltr'>distracta</span> <span class='ocrx_word' id='word_1_225' title='bbox 630 2761 739 2798; x_wconf 83' lang='lat' dir='ltr'>venena.</span> 
     </span>
    </p>

    <p class='ocr_par' dir='ltr' id='par_1_20' title="bbox 119 2819 797 2890">
     <span class='ocr_line' id='line_1_36' title="bbox 119 2819 797 2890; baseline 0.004 -18"><span class='ocrx_word' id='word_1_226' title='bbox 119 2821 184 2874; x_wconf 88' lang='lat' dir='ltr'>inde</span> <span class='ocrx_word' id='word_1_227' title='bbox 202 2819 249 2873; x_wconf 92' lang='lat' dir='ltr'>ubi</span> <span class='ocrx_word' id='word_1_228' title='bbox 267 2820 320 2872; x_wconf 87' lang='lat' dir='ltr'>iam</span> <span class='ocrx_word' id='word_1_229' title='bbox 339 2819 427 2872; x_wconf 83' lang='lat' dir='ltr'>morbi</span> <span class='ocrx_word' id='word_1_230' title='bbox 445 2819 553 2872; x_wconf 83' lang='lat' dir='ltr'>reflexit</span> <span class='ocrx_word' id='word_1_231' title='bbox 572 2835 652 2872; x_wconf 87' lang='lat' dir='ltr'>causa</span> <span class='ocrx_word' id='word_1_232' title='bbox 669 2821 797 2890; x_wconf 85' lang='lat' dir='ltr'>reditque</span> 
     </span>
    </p>

    <p class='ocr_par' dir='ltr' id='par_1_21' title="bbox 119 2895 746 2965">
     <span class='ocr_line' id='line_1_37' title="bbox 119 2895 746 2965; baseline 0 -16"><span class='ocrx_word' id='word_1_233' title='bbox 119 2897 147 2950; x_wconf 89' lang='lat' dir='ltr'>iu</span> <span class='ocrx_word' id='word_1_234' title='bbox 165 2897 286 2950; x_wconf 86' lang='lat' dir='ltr'>latebras</span> <span class='ocrx_word' id='word_1_235' title='bbox 304 2913 367 2948; x_wconf 87' lang='lat' dir='ltr'>acer</span> <span class='ocrx_word' id='word_1_236' title='bbox 384 2896 505 2963; x_wconf 89' lang='lat' dir='ltr'>corrupti</span> <span class='ocrx_word' id='word_1_237' title='bbox 524 2895 643 2962; x_wconf 84' lang='lat' dir='ltr'>corporis</span> <span class='ocrx_word' id='word_1_238' title='bbox 662 2912 746 2965; x_wconf 92' lang='lat' dir='ltr'>umor,</span> 
     </span>
    </p>

    <p class='ocr_par' dir='ltr' id='par_1_22' title="bbox 104 2971 973 3266">
     <span class='ocr_line' id='line_1_38' title="bbox 120 2971 883 3040; baseline 0.003 -16"><span class='ocrx_word' id='word_1_239' title='bbox 120 2975 180 3025; x_wconf 91' lang='lat' dir='ltr'>tum</span> <span class='ocrx_word' id='word_1_240' title='bbox 199 2973 276 3040; x_wconf 87' lang='lat' dir='ltr'>quasi</span> <span class='ocrx_word' id='word_1_241' title='bbox 296 2972 437 3025; x_wconf 90' lang='lat' dir='ltr'>vaccillans</span> <span class='ocrx_word' id='word_1_242' title='bbox 455 2971 573 3039; x_wconf 88' lang='lat' dir='ltr'>primum</span> <span class='ocrx_word' id='word_1_243' title='bbox 592 2973 731 3040; x_wconf 84' lang='lat' dir='ltr'>consurgit</span> <span class='ocrx_word' id='word_1_244' title='bbox 749 2975 778 3026; x_wconf 91' lang='lat' dir='ltr'>et</span> <span class='ocrx_word' id='word_1_245' title='bbox 795 2972 883 3026; x_wconf 88' lang='lat' dir='ltr'>omnis</span> 
     </span>
     <span class='ocr_line' id='line_1_39' title="bbox 121 3048 973 3115; baseline 0.004 -15"><span class='ocrx_word' id='word_1_246' title='bbox 121 3048 251 3114; x_wconf 87' lang='lat' dir='ltr'>paulatim</span> <span class='ocrx_word' id='word_1_247' title='bbox 268 3048 343 3102; x_wconf 89' lang='lat' dir='ltr'>redit</span> <span class='ocrx_word' id='word_1_248' title='bbox 360 3048 388 3100; x_wconf 92' lang='lat' dir='ltr'>in</span> <span class='ocrx_word' id='word_1_249' title='bbox 407 3064 501 3100; x_wconf 88' lang='lat' dir='ltr'>sensus</span> <span class='ocrx_word' id='word_1_250' title='bbox 519 3048 690 3114; x_wconf 87' lang='lat' dir='ltr'>animamque</span> <span class='ocrx_word' id='word_1_251' title='bbox 708 3052 838 3115; x_wconf 88' lang='lat' dir='ltr'>receptat.</span> <span class='ocrx_word' id='word_1_252' title='bbox 936 3063 973 3102; x_wconf 80' lang='lat'>505</span> 
     </span>
     <span class='ocr_line' id='line_1_40' title="bbox 104 3121 829 3192; baseline 0.008 -21"><span class='ocrx_word' id='word_1_253' title='bbox 104 3123 188 3176; x_wconf 82' lang='lat' dir='ltr'>baec</span> <span class='ocrx_word' id='word_1_254' title='bbox 204 3122 290 3188; x_wconf 87' lang='lat' dir='ltr'>igitur</span> <span class='ocrx_word' id='word_1_255' title='bbox 306 3124 392 3176; x_wconf 85' lang='lat' dir='ltr'>tantis</span> <span class='ocrx_word' id='word_1_256' title='bbox 409 3122 457 3175; x_wconf 92' lang='lat' dir='ltr'>ubi</span> <span class='ocrx_word' id='word_1_257' title='bbox 474 3121 576 3175; x_wconf 91' lang='lat' dir='ltr'>morbis</span> <span class='ocrx_word' id='word_1_258' title='bbox 593 3139 706 3191; x_wconf 88' lang='lat' dir='ltr'>corpore</span> <span class='ocrx_word' id='word_1_259' title='bbox 724 3124 751 3176; x_wconf 89' lang='lat' dir='ltr'>in</span> <span class='ocrx_word' id='word_1_260' title='bbox 771 3125 829 3192; x_wconf 87' lang='lat' dir='ltr'>ipso</span> 
     </span>
     <span class='ocr_line' id='line_1_41' title="bbox 121 3197 839 3266; baseline 0 -14"><span class='ocrx_word' id='word_1_261' title='bbox 121 3198 259 3252; x_wconf 83' lang='lat' dir='ltr'>iactentur</span> <span class='ocrx_word' id='word_1_262' title='bbox 275 3197 434 3266; x_wconf 86' lang='lat' dir='ltr'>miserisque</span> <span class='ocrx_word' id='word_1_263' title='bbox 451 3197 540 3251; x_wconf 87' lang='lat' dir='ltr'>modis</span> <span class='ocrx_word' id='word_1_264' title='bbox 558 3197 690 3252; x_wconf 85' lang='lat' dir='ltr'>distracta</span> <span class='ocrx_word' id='word_1_265' title='bbox 708 3198 839 3265; x_wconf 83' lang='lat' dir='ltr'>laborent,</span> 
     </span>
    </p>
   </div>
   <div class='ocr_carea' id='block_1_5' title="bbox 0 0 1130 3530">
    <p class='ocr_par' dir='ltr' id='par_1_23' title="bbox 0 0 1130 3530">
     <span class='ocr_line' id='line_1_42' title="bbox 0 0 1130 3530; baseline 0 0"><span class='ocrx_word' id='word_1_266' title='bbox 0 0 1130 3530; x_wconf 95' lang='lat' dir='ltr'> </span> 
     </span>
    </p>
   </div>
  </div>
 </body>
</html>
