2252 3530
98 135 153 192 106
502 135 569 192 Ill]

95 238 250 306 refrigeseit
267 240 339 294 enim
358 239 511 292 enarctando
530 239 611 308 plaga
628 256 679 308 per
696 255 776 292 amas
900 305 905 312 ι

95 331 146 368 nee
165 314 251 368 calida
269 313 305 366 ad
324 331 432 368 sensum
451 315 602 368 decurrunt
619 317 714 368 sunnia
732 332 831 369 rerum.

95 395 189 444 errant
208 407 290 459 saepe
308 407 388 444 canes
406 391 498 460 itaque
517 395 546 444 77
564 392 679 458 vestigia
698 395 839 459 quaerunt.
918 406 955 447 775

130 467 167 537 [N
169 485 200 521 ee
218 472 311 522 tamen
329 468 379 522 hoo
398 469 462 522 solis
479 470 507 522 in
526 468 655 522 odoribus
673 474 755 538 atque
774 487 901 538 saporum

94 543 121 596 iu
139 547 275 613 generest²
295 544 343 597 sed
362 545 429 598 item
448 545 552 614 speeies
570 562 662 598 rerum
680 550 762 614 atque
781 547 885 600 colores

95 637 148 672 non
166 620 205 674 ita
223 621 386 674 conveniunt
404 621 440 674 ad
459 639 553 676 seimus
572 621 698 676 omnibus
715 639 815 690 omnes,
858 658 866 673 .

95 700 198 750 utnon
217 697 271 750 sint
290 697 349 750 aliis
368 698 502 765 quaedam
520 700 607 765 magis
625 699 698 752 aeria
715 699 781 752 visu.

37 805 38 810 =
96 772 261 842 quinetiam
279 773 387 840 gallum,
405 778 513 828 noctem
531 775 759 843 explaudentibus
777 775 827 827 alis
918 785 961 828 777

58 899 61 904 .
96 865 222 904 auroram
240 850 313 902 clara
331 855 490 904 consuetum
509 867 575 904 voce
593 867 696 917 vocare,

96 941 185 979 noenu
203 930 307 994 queunt
325 925 413 979 rabidi
431 930 526 980 eontra
544 931 670 982 constare
686 921 778 980 leones

95 1001 176 1069 inque
193 1003 279 1057 tueri:
296 1003 336 1056 ita
353 1003 481 1056 continuo
499 1003 647 1058 meminere
663 1005 744 1072 fugai,

97 1077 224 1146 nimirum
241 1079 304 1147 quia
322 1083 385 1132 sunt
402 1079 536 1146 gallorum
554 1081 581 1132 in
599 1097 713 1149 corporo
731 1083 864 1152 quaedam
919 1134 921 1138 .

98 1155 206 1221 semina,
226 1172 374 1223 quaecum
393 1159 456 1208 sunt
474 1157 557 1210 oculis
575 1157 686 1210 inmissa
705 1159 819 1225 leonum,
917 1170 954 1212 775

96 1231 214 1300 pupillas
230 1231 410 1285 interfodiunt
428 1249 571 1302 aeremque
590 1234 711 1288 dolorem
983 1241 986 1246 '

98 1306 238 1376 praebent,
257 1311 289 1361 ut
306 1313 443 1377 nequeant
462 1313 557 1363 eontra
575 1311 674 1371 durana
692 1312 811 1378 feroces;

19 1411 22 1419 ¹
98 1401 159 1436 cunr
178 1387 269 1438 tamen
287 1384 353 1438 haee
371 1389 478 1438 nostras
495 1386 566 1439 acies
583 1387 622 1439 uil
640 1387 750 1442 laedere
766 1387 879 1457 possint,

99 1465 146 1514 aut
164 1461 297 1530 quianon
316 1465 463 1530 penetrant
480 1466 528 1515 aut
547 1463 621 1530 quod
639 1463 848 1532 penetrantibus
864 1463 917 1515 illis

99 1537 189 1590 exitus
209 1555 242 1591 ex
261 1539 344 1592 oeulis
362 1537 432 1592 liber
450 1539 539 1603 datur,
559 1539 586 1591 in
604 1541 766 1594 remorando
917 1553 954 1594 7777

101 1613 209 1667 laedere·
226 1631 261 1667 ue
279 1615 385 1684 possint
403 1608 510 1668 ex'ulla
528 1615 630 1668 lumina
647 1615 746 1685 parte]

135 1689 160 1742 N
162 1707 214 1743 une
227 1707 277 1758 ago
290 1708 359 1759 quae
371 1695 498 1744 moveant
510 1693 629 1744 ansmum
642 1709 686 1745 ros
698 1694 797 1762 aeeipe,
810 1697 837 1746 ei
850 1692 924 1745 uude

99 1783 168 1833 quae
186 1768 298 1820 veniunt
316 1769 425 1821 veniant
442 1769 470 1820 in
488 1772 609 1821 mentem
626 1769 737 1838 percipe
754 1770 856 1838 paucis.

99 1843 232 1912 principio
249 1844 300 1896 hoe
318 1844 385 1910 dieo,
402 1861 495 1896 rerum
513 1845 657 1898 simulacra
675 1845 766 1912 vagari

99 1919 184 1973 multa
201 1920 290 1972 modis
307 1921 399 1972 multis
417 1920 445 1972 in
463 1927 574 1974 cunetas
592 1921 712 1988 undique
730 1921 817 1991 partis
917 1933 954 1974 725

99 1997 197 2063 tenvia,
217 2013 287 2064 quae
305 1996 383 2049 faoilo
401 1997 473 2049 inter
490 2013 520 2049 se
537 1997 685 2064 iunguntur·
702 1997 730 2050 in
748 1997 828 2063 auris,

99 2071 256 2126 ebriacum
275 2073 393 2136 veniunt,
412 2076 443 2125 ut
459 2089 557 2126 aranea
574 2072 737 2140 bratteaque
754 2075 819 2126 auri.

99 2149 200 2218 quippe
218 2149 319 2202 etenim
337 2149 527 2216 multomagis
545 2148 611 2203 haee
630 2154 693 2202 sunt
711 2150 803 2202 tenvia
821 2153 900 2202 textu

100 2242 181 2294 quam
199 2241 269 2295 quae
286 2226 440 2294 percipiunt
459 2225 550 2278 oeulos
569 2226 709 2292 risumque
727 2226 870 2290 laeesumt,

100 2302 219 2371 eorporis
231 2302 298 2356 haee
311 2302 437 2369 quoniam
449 2305 595 2371 penetrant
607 2319 657 2370 por
669 2319 731 2354 rara
742 2302 867 2369 cientque
916 2315 954 2356 737

101 2384 210 2434 tenvem
227 2380 309 2432 animi
327 2382 452 2431 naturam
469 2377 543 2431 intus
561 2395 723 2446 sensumque
741 2377 884 2430 lacessunt.

102 2455 253 2509 Centauros
270 2455 363 2523 itaquo
383 2458 411 2508 et
431 2454 579 2522 Scyllarum
601 2453 724 2506 rnerribrn
744 2453 866 2506 videmus

96 2523 305 2602 'Cerbereasque
325 2549 420 2585 eanum
439 2531 522 2584 facies
542 2531 738 2598 sinndaeraque
757 2545 850 2582 eorum

99 2626 215 2677 quorum
231 2614 304 2685 777777
306 2627 321 2662 7
293 2608 414 2662 tabita
432 2607 513 2660 tellus
533 2605 709 2676 ampleetitur
728 2621 802 2669 ossa3

101 2699 181 2740 omne
198 2675 284 2764 genus
302 2685 429 2754 quoniam
448 2684 548 2752 passim
569 2682 710 2734 simultatem
728 2675 861 2747 feruntur,
916 2692 953 2734 735

101 2755 202 2830 partlm
220 2755 317 2851 77777777
337 2778 386 2814 sua
405 2777 475 2829 quae
494 2760 564 2812 finnt
583 2775 645 2811 aere
664 2760 691 2810 in
710 2759 776 2826 ipso,
891 2755 893 2760 “

102 2839 202 2908 partim
221 2843 290 2906 quae
309 2838 390 2906 seriis
409 2836 443 2888 ab
461 2835 543 2888 rebus
562 2852 677 2902 eumque
696 2800 830 2888 recedunt

104 2917 219 2982 atquae
237 2896 361 2968 confiunt
378 2929 411 2980 77
429 2912 526 2964 horum
544 2913 600 2964 fact
601 2927 617 2963 a
588 2911 714 2977 siem
717 2927 736 2962 s

104 3006 166 3042 nam
184 2995 258 3044 certe
276 3008 310 3043 ex
329 2991 389 3042 sivo
409 2989 478 3042 Cent
467 2989 538 3041 tauri
555 3005 609 3040 non
628 2986 684 3038 lit
677 3002 773 3052 unago,

105 3065 179 3118 nulla
196 3065 248 3118 fuit
267 3066 394 3134 quoniam
412 3065 475 3118 talis
493 3068 592 3120 natura
609 3063 764 3128 animantis,
917 3075 953 3117 777

105 3157 199 3194 verum
217 3141 263 3192 ubi
281 3142 345 3208 eqni
363 3145 446 3209 atque
463 3139 580 3193 hominis
598 3155 661 3192 oasu
680 3139 804 3192 convenit
821 3138 918 3207 imago,

104 3215 241 3270 haerescit
257 3216 334 3269 imile
352 3216 497 3285 extemplo,
516 3215 589 3284 quod
608 3214 725 3266 diximus
743 3217 815 3280 anto,
