2252 3530
132 231 253 299 eorporis
270 234 353 298 atquo
371 229 451 284 animi
470 230 561 298 pergit
578 228 742 282 contundere
761 245 862 284 sensus

133 306 319 360 dissoluuntur
336 307 408 359 enim
425 307 563 374 positurae
582 305 773 372 principiorum

53 389 54 394 ’
132 388 161 437 et
177 382 288 452 penitus
306 383 396 434 motus
414 380 509 433 vitales
527 381 711 448 inpediuntur,

133 459 218 512 donee
236 457 371 524 maderies,
389 457 476 509 omnis
493 473 623 510 concussa
640 473 689 524 per
707 462 791 526 artus,

132 535 220 589 vitalis
238 534 343 587 animae
361 532 446 586 nodos
464 549 480 586 a
497 549 609 602 corpore
627 533 708 587 solvit

132 611 336 680 dispersamque
353 609 426 662 foras
443 625 493 677 per
510 609 601 662 caulas
618 609 698 663 eiecit
715 611 808 663 erinnis.

132 705 193 742 nam
211 687 277 759 quid
296 690 439 755 praeterea
456 686 545 739 fucere
563 687 647 740 ictum
665 703 745 754 posse
763 703 871 740 reamur

131 765 260 833 oblatum,
279 764 328 817 nisi
348 762 485 816 discutere
503 779 534 816 ae
552 761 700 816 dissolvere
718 765 859 833 quaeqnel
919 751 923 768 ⁸

131 841 163 896 fit
181 857 288 910 quoque
306 839 347 893 uti
366 839 470 892 soleant
488 838 576 892 minus
594 838 686 891 oblato
704 838 804 894 acriter
821 839 876 893 ictu

90 985 92 990 Ι
131 917 229 985 reliqiii
248 920 338 970 motus
356 915 445 969 uitalis
463 915 570 968 uincere
589 931 676 982 saepe,
945 931 981 970 osa

132 993 245 1060 vincere,
262 996 292 1046 et
310 991 427 1059 ingentis
446 991 541 1059 plagae
560 990 656 1043 sedare
675 990 809 1044 tumultus

130 1069 216 1136 iriqun
229 1085 293 1122 suos
310 1067 439 1136 ‹pricquid
457 1084 551 1120 rursus
569 1083 696 1120 rovocare
713 1073 820 1120 meatus

127 1135 160 1198 ‘et
177 1145 255 1214 quasi
272 1144 325 1198 iarn
344 1144 391 1198 leti
411 1143 596 1197 dominantem
614 1143 642 1196 iu
660 1159 773 1211 corpore
790 1146 893 1196 motum

131 1220 269 1275 discutere
287 1237 318 1274 ac
336 1238 422 1289 pncuo
440 1220 719 1288 amissosaeccndere
736 1236 831 1273 sensus

132 1315 194 1351 uam
212 1314 296 1366 qnare
314 1298 405 1365 potins
422 1297 471 1350 leti
489 1287 706 1349 ianrlinritetdb
724 1296 758 1363 ip.
944 1309 980 1350 om

132 1373 167 1426 ad
185 1375 268 1427 ritum
287 1373 373 1441 pussit
390 1373 513 1426 conlecta
529 1376 622 1426 mente
641 1374 749 1433 reverti,

132 1467 213 1518 quarn
232 1466 285 1518 quo
304 1449 449 1504 decursum
467 1466 552 1518 prope
570 1449 623 1500 iam
643 1449 696 1501 sict
714 1449 800 1500 irent
817 1446 909 1503 abiret

132 1532 275 1594 praeterea
292 1526 419 1594 quoniam
437 1526 515 1579 dolor
533 1530 576 1578 cst
594 1524 640 1577 nbi
659 1523 782 1578 rurateriai

132 1619 245 1670 corpora
262 1603 288 1655 ri
306 1602 424 1671 quadam
442 1619 492 1670 per
510 1602 613 1654 viscera
630 1600 690 1653 riva
707 1615 757 1668 per
774 1605 851 1652 artus

69 1681 76 1712 ·‘
109 1689 111 1694 '
133 1679 278 1733 sollicitata
296 1679 351 1732 suis
370 1677 510 1746 trepidant
527 1677 555 1730 in
573 1677 684 1731 sedibus
701 1676 782 1741 intua
944 1692 980 1730 aas

131 1754 214 1824 inque
231 1756 319 1809 lecum
338 1754 446 1824 quaudo
464 1754 621 1821 rcmigrnnt,
640 1753 672 1806 iit
689 1751 789 1806 blanda
806 1751 938 1822 voluptas,

132 1832 200 1885 scire
217 1831 282 1886 licet
299 1832 372 1884 nullo
391 1829 541 1899 primordia
558 1846 637 1898 posse
654 1829 747 1883 dolore

130 1907 260 1975 temptari
279 1908 435 1975 nullamque
454 1907 622 1974 voluptatem
640 1922 737 1974 capere
754 1922 789 1958 cx
807 1921 851 1970 se;

131 1977 350 2055 qriandoquidem
370 2000 422 2036 non
441 1989 510 2040 suut,
528 1999 562 2036 cx
580 1983 642 2036 ullis
659 1981 853 2051 principiorum

131 2060 296 2129 corporibus,
315 2076 430 2129 quornm
448 2063 539 2112 motus
556 2059 677 2112 novitate
695 2058 819 2112 laborent
944 2075 980 2115 97⁰

131 2143 179 2190 aut
197 2136 315 2206 aliquem
333 2137 451 2190 fructum
469 2137 578 2204 capiant
596 2135 747 2189 dulcedinis
765 2135 858 2189 almae.

131 2212 199 2268 lirant
216 2213 301 2281 igitur
318 2213 421 2268 debent
440 2229 499 2266 esse
517 2213 572 2266 ullo
590 2212 716 2280 praedita
733 2228 821 2265 sensu.

167 2290 291 2358 Denique
309 2289 350 2343 uti
367 2291 473 2358 possint
491 2290 593 2342 sentire
611 2288 737 2341 animalia
753 2305 885 2356 quaeque,

131 2366 270 2436 principiis
288 2366 311 2420 si
329 2366 383 2420 iam
401 2371 444 2420 est
462 2383 557 2419 sensus
574 2365 737 2420 tribuendus
754 2381 854 2426 eorum,

128 2443 201 2513 quid,
213 2460 298 2511 genus
310 2442 456 2496 humanum
468 2443 612 2511 propritim
626 2443 661 2495 de
672 2440 764 2508 quibu'
777 2441 852 2493 iactu
881 2441 924 2495 sti
967 2456 980 2495 ε
1124 2495 1125 2514 p

131 2521 233 2574 seilicet
251 2523 281 2574 et
298 2520 354 2574 risu
373 2520 490 2574 tremulo
509 2536 636 2573 concussa
654 2517 814 2592 cadrirmant
1124 2521 1125 2558 l

130 2600 160 2650 et
177 2597 294 2651 lacrimis
313 2600 445 2665 spargunt
462 2596 618 2649 rorantibus
637 2611 684 2647 ora
701 2609 838 2662 genasque
1124 2559 1125 2638 i

131 2673 271 2742 multaque
289 2673 324 2727 de
342 2689 434 2726 rerum
452 2672 573 2726 mixtura
591 2671 681 2724 dicere
699 2669 798 2723 callent

131 2754 160 2804 et
177 2749 229 2803 sibi
246 2766 378 2818 proporro
396 2765 466 2817 quae
484 2748 538 2801 siut
555 2747 705 2816 primordia
722 2748 872 2812 quaerunt3

131 2825 350 2895 quandoquidem
369 2827 435 2879 totis
453 2824 614 2878 mortalibus
632 2823 795 2876 adsimulata
943 2837 981 2875 oso

130 2903 190 2970 ipsa
207 2919 314 2970 quoqne
332 2919 366 2956 cx
384 2902 444 2956 aliis
461 2900 564 2954 debent
581 2903 706 2953 constare
723 2899 873 2967 elementis,

130 2978 195 3031 inde
213 2977 265 3031 alia
282 2995 316 3031 ex
334 2978 401 3044 aliis,
418 2993 552 3046 nusquam
570 2977 718 3030 consistere
736 2979 768 3030 ut
785 2976 872 3030 ausis:

131 3055 233 3122 quippe
250 3071 355 3126 sequar,
373 3055 564 3123 quodcumque
581 3049 657 3121 loqui
672 3052 818 3121 ridereque
836 3051 912 3106 dices

131 3134 162 3184 et
179 3147 282 3198 sapere,
300 3148 334 3184 ex
352 3132 412 3184 aliis
429 3130 526 3183 eadem
543 3129 611 3184 haec
627 3129 790 3183 facientibus
806 3135 838 3182 ut
856 3127 900 3184 sit.

132 3205 247 3280 quodsi
265 3204 351 3259 delira
368 3205 435 3272 haee
452 3206 606 3272 furiosaque
625 3204 758 3259 cemimus
777 3222 836 3260 csse
945 3224 976 3264 au

176 3317 182 3336 ι
221 3327 226 3336 .
425 3301 439 3358 ‚2
502 3285 553 3332 Ἠ
