2234 3526
550 139 600 194 VI
932 137 986 194 169

141 242 169 294 in
187 259 262 295 mare
281 243 316 296 de
335 244 409 298 caelo
427 243 582 311 descendat,
601 258 682 312 qnam
701 245 773 296 ficta
790 244 891 296 circum

140 319 298 373 fervescunt
315 320 436 387 graviter
454 320 621 389 spirantibus
637 319 722 373 incita
739 320 839 387 flabris,

139 405 169 448 et
187 397 418 465 quaecumquein
437 414 469 450 eo
488 401 547 450 tum
566 397 620 450 sint
638 396 773 464 deprensa
790 397 908 450 tumultu

139 473 246 538 navigia
263 473 291 525 in
310 490 444 527 sumntum
463 473 573 526 veniant
590 475 689 526 vexata
707 471 844 540 periclum.
954 488 989 527 4³0

139 547 191 601 boe
209 549 241 602 fit
258 547 306 602 ubi
323 550 460 603 interdum
479 566 531 602 non
551 551 610 618 quit
628 549 669 602 vis
687 549 770 602 incita
787 550 861 602 uenti

138 640 265 694 rumpere
283 642 365 694 quam
383 627 473 696 coepit
491 625 599 688 nubem,
618 625 668 678 sed
686 624 824 694 deprimit,
842 629 873 680 nt
892 627 928 680 sit

138 700 167 754 in
184 717 259 754 mare
277 701 312 756 de
331 702 405 755 caelo
423 706 564 770 tamquam
581 701 701 755 demissa
718 701 850 766 colunma,

138 775 277 844 paulatim,
295 777 372 845 quasi
389 776 457 846 quid
473 793 565 845 pugno
582 777 748 845 bracchique
767 793 885 846 superne

139 852 261 906 coniectu
279 853 409 907 trudatur
426 857 456 907 et
473 853 639 908 extendetur
657 853 685 906 in
703 853 807 918 undas;
952 870 988 908 sss

139 945 220 997 quam
239 946 300 982 eum
319 928 437 997 discidit,
455 930 518 984 hinc
535 930 723 999 prorumpitur
740 930 767 982 in
785 947 861 983 maro
878 932 952 984 renti

139 1005 179 1058 vis
197 1009 227 1059 et
244 1005 377 1060 fervorem
395 1006 492 1059 mirum
511 1007 654 1060 concinnat
671 1006 699 1059 in
717 1005 804 1059 undis.

140 1083 324 1136 versabundus
343 1083 415 1137 euim
433 1083 515 1137 turbo
533 1083 677 1137 deseendit
695 1086 723 1137 et
741 1083 815 1136 illam

139 1157 252 1213 deducit
269 1159 372 1228 pariter
388 1160 464 1214 leuto
482 1177 544 1213 eum
562 1176 675 1228 corpore
693 1159 793 1214 nubem
802 1181 808 1224 ;

139 1251 220 1302 quam
232 1236 311 1288 simul
323 1253 354 1290 ac
366 1235 507 1304 gravidam
520 1236 639 1289 detrusit
651 1234 688 1288 ad
700 1252 819 1304 aequora
831 1237 916 1304 ponti,
952 1252 987 1290 uo

138 1311 184 1364 ille
201 1312 230 1364 in
247 1328 344 1380 aquam
364 1311 454 1365 subito
471 1315 561 1364 totum
579 1328 609 1365 se
625 1311 739 1365 inmittit
757 1316 787 1366 et
805 1329 884 1365 omne

139 1388 242 1442 excitat
259 1387 364 1456 ingenti
383 1388 473 1441 sonitu
491 1404 566 1441 mare
584 1387 691 1441 fervere
709 1404 814 1456 cogens.

139 1464 171 1517 iit
188 1481 297 1533 quoque
315 1467 347 1518 ut
364 1464 483 1517 involvat
501 1464 576 1517 venti
593 1481 622 1517 se
641 1463 758 1517 nubibus
776 1464 834 1532 ipse
873 1459 876 1468 ’

139 1545 235 1594 vertex
252 1541 404 1594 conradens
421 1556 456 1594 ex
473 1557 537 1593 aere
554 1541 657 1594 semina
674 1540 754 1593 nubis

140 1621 169 1671 et
188 1617 265 1684 quasi
283 1617 431 1670 demissum
448 1616 523 1670 caelo
541 1620 664 1684 prestera
681 1617 812 1670 imitetur.
951 1631 987 1668 ers

138 1692 183 1746 hic
201 1692 249 1745 ubi
267 1709 296 1746 so
313 1693 341 1745 in
359 1696 449 1746 terras
468 1692 577 1746 demisit
596 1692 783 1760 dissoluitque‚

138 1767 254 1822 turbinis
272 1769 407 1823 inmanem
425 1769 479 1822 vim
495 1769 631 1838 provomit
648 1773 731 1837 atque
749 1769 891 1839 procellae.

139 1844 189 1898 sed
207 1845 271 1914 quia
288 1846 322 1900 fit
338 1862 401 1899 raro
419 1846 526 1899 omnino
543 1846 697 1936 montisque
716 1849 855 1899 necessest

138 1922 246 1976 officere
264 1922 292 1975 in
310 1923 398 1987 terris,
416 1925 531 1992 apparet
549 1922 671 1976 crebrius
688 1921 761 1976 idem

138 2003 284 2067 prospectu
302 1999 384 2052 maris
402 1999 428 2052 in
447 2015 544 2066 magno
562 1999 691 2068 caeloque
709 2000 822 2068 patenti.
949 2016 986 2054 450

174 2074 274 2128 Nubila
291 2079 476 2143 concrescunt,
494 2075 541 2128 ubi
558 2092 671 2144 corpora
688 2076 775 2130 multa
792 2076 908 2130 volando

138 2151 190 2205 lroc
209 2169 305 2220 supero
323 2152 351 2204 in
368 2152 436 2205 caeli
454 2153 542 2220 spatio
559 2152 649 2205 coiere
667 2156 782 2221 repente

138 2229 282 2296 asperiora,
301 2228 384 2281 moris
402 2244 472 2294 quoe
489 2227 595 2295 possint
613 2228 774 2294 indupedita

137 2304 244 2372 exiguis
261 2308 354 2357 tamen
372 2303 445 2356 inter
463 2319 492 2356 se
510 2318 669 2370 comprensa
686 2304 780 2355 teneri.

137 2379 205 2433 haec
221 2380 326 2434 faciunt
343 2380 460 2449 primum
479 2395 576 2446 parvos
593 2378 741 2430 consistere
759 2378 860 2442 nubes;
950 2393 986 2432 455

137 2455 203 2509 inde
219 2457 287 2510 haee
305 2456 504 2525 comprendunt
521 2454 594 2507 inter
612 2470 641 2506 se
659 2469 763 2522 conque
781 2457 930 2521 gregantur

139 2536 167 2586 et
185 2532 372 2601 coniungendo
390 2535 516 2586 creseunt
533 2532 677 2597 ventisque
693 2531 818 2583 feruutur

138 2626 224 2678 usque
242 2609 311 2663 adeo
329 2610 415 2662 donce
433 2612 584 2676 tempestas
602 2623 682 2660 saeva
699 2611 826 2660 coortsst.

139 2687 172 2740 fit
190 2703 297 2755 quoque
316 2686 358 2739 uti
375 2685 475 2740 montis
492 2685 579 2737 vicina
597 2684 734 2738 ereumina
751 2684 825 2738 caelo

139 2779 223 2830 quam
236 2763 290 2816 sint
303 2779 411 2832 quoque
423 2762 516 2829 magis,
529 2765 606 2814 tanto
619 2761 704 2828 magis
716 2760 792 2814 edita
803 2761 910 2814 fument
952 2775 988 2814 loo

140 2839 255 2893 adsidue
273 2839 367 2892 furvae
385 2839 465 2892 nubis
483 2837 596 2905 caligine
614 2854 704 2891 crassa

79 2953 80 2956 κ
141 2921 289 2987 propterea
308 2916 377 2984 quia
397 2932 457 2968 eum
476 2915 626 2968 consistunt
644 2913 737 2966 nubila
755 2913 880 2983 primum,

140 2997 205 3046 aute
223 2991 317 3045 ridere
335 2991 405 3045 oculi
424 3007 505 3059 quam
523 2991 634 3058 possint,
652 2991 750 3057 tenvia,
768 2991 842 3045 venti

141 3073 285 3140 portantes
303 3072 403 3136 coguut
421 3067 457 3120 ad
475 3084 579 3120 summa
597 3067 737 3120 eacumina
754 3068 861 3122 montis.

141 3146 186 3200 hie
205 3146 315 3198 demum
333 3146 366 3198 fit
383 3145 424 3198 uti
441 3144 523 3197 turba
540 3144 642 3197 maiore
659 3146 753 3197 coorta
954 3161 990 3200 ass
1061 3158 1063 3163 '

141 3227 172 3277 et
189 3223 324 3276 condensa
342 3226 443 3290 queant
461 3238 595 3290 apparere
614 3224 642 3275 et
660 3220 740 3274 simul
758 3221 817 3289 ipso

999 3296 1053 3308 Δ·-
