2252 3530
112 81 384 180 {fist-'unp
517 94 626 176 Π,
676 99 685 113 V
800 103 851 167 'lv
903 135 978 184 ,Ἀ

108 189 163 254 non
179 198 291 270 poterit,
308 214 402 267 neque,
420 197 494 265 quod
511 201 642 267 superest,
660 215 834 268 procrescere
851 200 947 269 alique.

107 275 209 346 quippe
220 276 321 330 etenim
334 291 438 329 sumam
450 274 501 328 hoc
514 291 621 344 quoque
634 277 676 330 uti
687 277 764 331 finita
776 294 826 346 per
837 294 916 331 omne

62 377 65 386 ,
106 369 221 422 corpore
237 353 332 406 iactari
350 353 429 404 unius
446 351 576 420 genitalia
593 353 639 418 rei,

105 429 179 482 unde
196 428 243 482 ubi
260 446 315 498 qua
331 429 357 482 vi
375 431 405 481 ot
422 445 476 496 quo
493 431 575 497 pacto
593 446 739 498 congresse
755 429 868 485 coibunt

105 505 238 558 materiae
254 509 332 558 tanto
348 504 376 558 in
394 504 491 574 pelago
508 505 646 572 turbaque
662 506 767 560 alienat
919 522 956 562 555

104 597 165 648 non,
183 585 215 635 ut
233 581 335 650 opinor,
353 581 457 636 habent
475 581 609 635 rationem
626 582 807 648 conciliandi3

104 657 154 710 sed
172 658 249 726 qussi
265 657 415 725 naufragiis
431 657 537 726 mugnis
554 657 702 727 multisque
721 659 821 713 coortis

103 732 250 788 disiectare
268 734 337 787 solet
355 751 483 802 magnum
500 750 575 787 mare
594 737 715 788 transtra
730 735 855 802 guberne

103 813 247 863 antemnas
264 827 374 880 proram
393 810 479 863 melos
497 815 645 878 tonsasque
662 813 792 880 natantis,

102 903 153 954 per
170 887 307 940 terrorum
325 887 412 940 omnis
430 903 492 940 cras
509 887 643 940 fluitantia
661 887 784 956 aplustra
917 905 954 944 555

103 966 134 1016 ut
151 962 298 1016 videantur
315 967 345 1017 et
362 962 491 1016 indicium
509 963 670 1016 mortalibus
687 963 780 1033 edent,
955 958 962 980 ⁸

21 1100 30 1115 q
103 1038 180 1092 infidi
198 1039 282 1092 maris
299 1039 411 1092 insidias
430 1039 549 1106 virisque
566 1039 712 1108 dolumque

101 1118 134 1168 ut
151 1115 239 1190 vitsre
256 1116 346 1182 velint,
366 1132 435 1169 neve
451 1115 507 1169 ullo
523 1119 649 1185 tempore
666 1116 788 1185 credant,

101 1191 217 1245 subdola
234 1209 295 1246 cum
313 1192 387 1246 ridet
404 1191 505 1262 placidi
522 1191 638 1260 pellacia
654 1193 740 1261 ponti,
830 1219 831 1224 =

100 1267 138 1334 sic
156 1269 207 1322 tibi
225 1269 247 1322 si
266 1269 344 1322 finito
362 1269 445 1322 semel
463 1268 612 1336 primordia
629 1269 764 1338 quaedam
915 1284 952 1324 55)

100 1335 256 1420 cop'stitues
274 1362 368 1398 aevom
388 1344 528 1398 debebunt
546 1361 640 1412 sparse
657 1360 708 1412 per
726 1361 835 1399 omnem

93 1420 246 1475 disiectare
263 1425 357 1475 aestus
375 1422 475 1475 diversi
492 1421 623 1488 materiai,

77 1491 84 1506 '
98 1513 245 1566 numquam
262 1499 290 1553 in
309 1499 452 1552 concilium
469 1502 502 1551 ut
519 1497 624 1567 possint
641 1498 782 1567 compulsa
799 1498 873 1553 coire

98 1589 149 1626 nec
167 1575 298 1628 remorari
317 1575 345 1628 in
364 1575 476 1628 concilio
493 1589 544 1626 nec
561 1589 684 1627 erescere
702 1574 837 1642 adaucts3

97 1665 213 1716 quorum
224 1653 374 1719 utrumque
385 1650 475 1720 pelam
487 1649 547 1702 fieri
558 1648 704 1703 manifesta
715 1649 797 1704 docet
809 1668 861 1720 res,
914 1667 951 1708 555

97 1727 126 1778 55
143 1742 188 1779 res
205 1726 332 1796 progigni
350 1730 379 1780 et
397 1726 504 1794 genitas
521 1741 695 1794 procrescere
712 1743 799 1794 posse.

96 1817 156 1854 esse
173 1802 258 1870 igitur
275 1819 377 1871 genere
393 1803 421 1855 in
439 1802 535 1871 quovis
552 1801 702 1871 primordia
719 1819 811 1856 rermn

95 1876 204 1932 infinito
219 1879 308 1947 palem
327 1884 371 1934 est
389 1878 461 1932 unde
479 1878 570 1932 omnis
586 1878 804 1948 suppeditantur.

129 1955 156 2008 N
157 1971 189 2009 ec
207 1972 337 2025 superare
354 1959 457 2024 queunt
474 1959 564 2008 motus
581 1957 675 2023 itaque
693 1957 819 2010 exitiales

94 2035 229 2102 perpetuo
246 2032 380 2100 usquein
398 2035 539 2085 aetornum
558 2032 672 2100 sepelire
690 2032 814 2101 sulutem,
914 2049 950 2090 tro

95 2125 144 2163 nec
161 2125 244 2179 porro
262 2125 354 2162 rerum
371 2109 505 2176 genitales
522 2107 695 2175 auctificique

95 2188 185 2240 motus
201 2188 337 2254 perpetuo
356 2188 470 2254 possunt
488 2201 596 2238 servare
614 2189 713 2239 creata.

94 2261 132 2316 sic
149 2279 237 2331 aequo
254 2262 360 2331 geritur
378 2262 527 2316 certamine
545 2261 738 2331 principiorum

93 2354 127 2391 ox
145 2339 252 2393 infinito
270 2342 442 2392 contractum
460 2342 584 2407 tempore
602 2337 710 2392 bellurn.

92 2433 162 2470 nunc
179 2416 223 2470 hic
240 2433 312 2469 nunc
330 2415 385 2469 illic
404 2419 535 2485 superant
552 2415 644 2467 vitalia
660 2432 752 2467 rerum
913 2433 950 2473 ⁵75

92 2496 121 2546 ot
138 2497 304 2563 superantur
321 2493 395 2546 item.
414 2494 544 2546 miscetur
561 2491 656 2544 funere
674 2507 759 2558 vagor

92 2586 173 2638 quem
190 2570 268 2639 pueri
285 2569 387 2624 tollunt
405 2569 518 2623 visentis
535 2567 644 2620 luminis
661 2584 737 2634 oras;
847 2598 850 2604 -

92 2663 142 2700 neo
159 2663 213 2699 nox
230 2646 287 2700 ulls
303 2646 377 2699 diem
395 2662 484 2714 neque
503 2647 609 2697 noctem
627 2659 725 2696 aurore
743 2648 864 2700 secutast

91 2740 161 2792 queo
178 2740 231 2776 non
250 2722 369 2776 audierit
387 2723 486 2775 mixtos
505 2719 641 2794 vagitibus
660 2721 749 2786 aegris

91 2800 214 2869 ploratus
231 2798 326 2853 mortis
345 2799 458 2853 comites
477 2800 506 2850 ct
522 2796 625 2849 funeris
643 2796 703 2850 atri.
912 2813 949 2854 sm

128 2875 201 2928 Illud
218 2877 247 2928 in
264 2874 307 2928 his
326 2876 498 2943 obsignatum
517 2889 625 2942 quoque
643 2871 725 2926 rebus
742 2873 844 2928 hebere

93 2952 218 3006 convenit
235 2955 265 3006 ct
282 2952 396 3005 memori
415 2951 575 3005 mandatum
592 2953 684 3004 mente
702 2953 805 3018 tenere,

92 3028 136 3080 nil
148 3043 214 3093 esse,
232 3027 260 3082 in
278 3030 409 3098 promptu
427 3043 542 3097 quorum
559 3030 659 3080 notura
676 3027 793 3094 videtur,

92 3103 166 3172 quod
183 3119 283 3172 genere
301 3120 337 3157 ex
354 3120 408 3174 uno
425 3103 555 3158 consistat
572 3102 776 3173 principiorum,

92 3179 306 3248 necquicquam
324 3179 397 3245 quod
415 3196 469 3233 non
486 3179 623 3248 permixto
642 3178 744 3231 semine
762 3181 883 3242 constct;
911 3195 946 3232 oss

182 3249 237 3318 κδ
283 3281 294 3302 '³
320 3279 335 3298 ¹·
378 3289 385 3302 ’
446 3293 464 3324 rr
543 3274 714 3328 'stult—rt·
