2244 3532
587 125 615 178 ix

226 271 278 322 843
313 265 488 320 membranae
506 275 579 316 1000
592 275 693 318 runnu.
738 279 801 318 cum
818 263 958 319 veteribus
975 263 1025 318 im-

173 352 276 422 pressis
280 351 450 420 paricidam
458 349 561 418 scripsi.
585 349 1025 419 Lachmannusparummodulate

174 438 250 492 idem
261 443 396 504 exparte,
406 439 479 490 ‘cum
496 435 640 490 Lucretius
657 436 858 504 praepositione
875 436 974 489 omissa
985 435 1026 490 ita

173 542 227 580 non
244 525 319 579 dicut
336 523 389 577 nisi
406 521 533 591 genetivo
550 520 662 574 addito'.
697 521 747 575 sed
764 521 808 575 hic
826 522 859 575 in
878 523 959 576 rebus
975 538 1026 589 pro

173 613 300 684 genetivo
312 614 363 665 cst.

225 702 276 752 853
311 694 374 748 libri
393 705 520 746 00000Ιο
532 703 575 744 AN
587 704 628 746 os,
675 691 824 747 Lambinus
841 692 944 761 optimo
961 709 1026 747 000-

171 800 246 853 pucn
257 799 297 837 art
308 797 374 835 ossa.
410 778 599 833 Lachmannus
611 795 745 845 scnpuen,
758 795 794 846 or,
806 795 922 834 curum.

225 874 276 924 866
311 877 461 935 prosarum
474 863 665 917 Lachmannus
676 879 738 917 cum
752 863 873 917 Avantio
884 865 969 917 venis.

226 951 397 1022 comparatis
410 955 554 1017 859-866,
567 966 621 1003 000
634 949 731 1004 dubito
747 949 815 1019 quin
826 954 888 1018 post
905 953 955 1008 873
972 949 1026 1004 duo

173 1042 216 1097 vel
239 1042 332 1112 plures
361 1055 457 1094 versus
486 1037 567 1091 huius
595 1038 655 1092 fere
685 1039 759 1093 modi
789 1038 950 1107 exciderint,
979 1039 1027 1092 Ea·

172 1125 342 1194 alicnipenis
358 1140 429 1192 quac
447 1122 546 1176 tellure
564 1124 744 1179 exoriuntur.
779 1124 830 1179 Sic
843 1125 944 1180 itidem
955 1141 1027 1192 quae

173 1213 253 1280 liqna
264 1211 400 1266 emittunt
410 1224 539 1277 corpora,
551 1210 679 1263 aluntur.
704 1213 755 1268 874
766 1213 829 1278 post
840 1211 929 1278 liquis
939 1210 1027 1264 adieci

174 1297 225 1350 tir.
250 1295 452 1348 Lachmaunum
465 1307 519 1345 non
530 1292 659 1360 intellego
671 1294 718 1361 qui
728 1293 838 1362 scripsit
849 1311 921 1362 quac
928 1294 1028 1348 alieni-

172 1383 254 1452 9000
266 1383 413 1437 oriamur.

227 1471 276 1527 977
312 1483 362 1536 pro
374 1477 509 1518 0001000
521 1482 583 1520 cum
595 1464 728 1519 Lambino
740 1465 846 1533 (ficiat
858 1466 1028 1518 constantem

174 1571 254 1610 usum
266 1550 462 1608 Lucretianum
475 1556 592 1620 secutus,
609 1552 713 1622 scripsi.

226 1646 276 1696 996
311 1639 465 1695 rectissime
478 1655 508 1693 sc
519 1638 604 1692 habet
612 1637 744 1692 librorum
756 1649 898 1692 11100000.
920 1640 952 1693 cf.
967 1656 1028 1693 ann.

174 1727 238 1798 phil.
255 1727 334 1782 Cant.
352 1741 363 1778 1
380 1742 406 1795 p.
424 1731 465 1780 33.
501 1725 543 1779 ed.
564 1725 636 1779 lunt.
654 1741 736 1794 quam
754 1727 864 1779 secutus
882 1729 925 1779 est
943 1725 1028 1780 Lach-

174 1832 297 1884 monnus,
309 1820 435 1868 aeterua.

226 1905 278 1955 998
314 1899 504 1953 Lachmannus
527 1913 580 1954 000
604 1900 680 1951 recte
709 1896 782 1951 hunc
806 1914 915 1952 versum
944 1914 1028 1952 novae

175 1987 343 2056 quaestionis
362 1984 471 2039 initium
490 1999 550 2037 esse
568 1982 720 2052 constituit,
732 2000 804 2052 quae
822 1983 942 2053 denique
962 1990 1028 2040 1008

105 2069 107 2074 ’
174 2071 246 2140 Ipsa
257 2071 377 2125 modum
387 2068 492 2136 incipit.
953 2113 959 2121 .

228 2156 416 2212 Lachmaunus
445 2158 508 2223 post
539 2159 613 2222 1012,
637 2155 724 2209 multo
748 2156 847 2211 melius
871 2155 1027 2224 Madvigius

175 2260 265 2312 opusc.
278 2260 319 2312 pr.
330 2259 356 2310 p.
369 2247 420 2297 313
432 2244 462 2296 01
474 2245 538 2295 ante
550 2257 612 2294 eum
622 2241 756 2296 Marullus
765 2247 829 2311 post
843 2248 909 2297 1013
921 2242 1028 2310 sliquos

175 2327 450 2382 versusintercidisse
458 2326 637 2395 suspicantur.
662 2327 823 2397 inmargine
833 2329 891 2382 cod.
899 2328 1028 2383 laurent

176 2415 244 2484 plut.
262 2429 337 2467 xxxv
355 2419 388 2467 32
410 2413 478 2468 haec
496 2412 628 2466 adnotato
649 2413 739 2468 irrueni
763 2413 871 2469 ‘Credit
894 2415 1028 2469 Marullus

176 2499 273 2554 deesse
289 2497 333 2552 hic
351 2497 443 2567 aliqua
460 2497 587 2564 carmina,
605 2515 675 2566 quae
692 2498 865 2553 continerent
882 2500 1029 2554 transitum

175 2584 211 2638 ab
223 2585 359 2638 infinitate
368 2583 456 2637 inanis
468 2583 504 2637 ad
512 2583 677 2639 infinitatem
689 2600 847 2653 corporum;
859 2585 887 2638 in
896 2584 940 2638 his
949 2585 1028 2640 enim.

175 2671 235 2725 Nec
258 2687 339 2725 marc
361 2687 410 2725 mec
430 2671 635 2739 tellus...procul
655 2670 738 2724 dubio
758 2671 816 2740 assit
834 2671 869 2725 de
892 2671 1028 2725 infinitate

175 2772 327 2825 corporum,
346 2772 407 2810 oum
429 2771 512 2824 supra
529 2756 565 2809 de
582 2759 699 2824 utroque
717 2755 824 2811 infinito
843 2773 873 2810 se
891 2757 1029 2810 dicturum

175 2842 347 2912 promiserit.
380 2841 446 2895 mihi
464 2858 530 2898 vero
550 2842 647 2896 lacuna
667 2859 721 2896 000
742 2847 899 2898 100100οε0
920 2842 1029 2897 videtur

177 2933 280 2998 quanto
297 2928 439 2997 Madvigio
455 2932 485 2982 et
497 2928 670 2982 Lachmanno
687 2947 747 2983 csse
765 2930 824 2983 viso
841 2933 891 2984 001.
927 2929 1029 2984 etenim

175 3021 258 3088 poeta
270 3017 324 3070 iam
336 3016 403 3070 satis
416 3031 552 3085 superque
565 3015 763 3070 demonstravit
775 3032 828 3069 uon
844 3017 931 3070 solum
945 3033 1028 3070 omne

177 3108 251 3176 quod
260 3113 306 3172 cst,
318 3104 367 3158 sed
381 3103 472 3169 ctiam,
486 3107 648 3170 ost-1007,
661 3119 742 3156 omae
755 3103 832 3170 quod
848 3111 886 3156 cst
904 3105 1029 3172 spatium

178 3193 313 3248 infinitum
326 3206 393 3245 esse.
429 3195 581 3243 00001008
597 3192 648 3243 001.
661 3189 741 3243 docet
759 3205 902 3256 corporum
920 3205 1029 3256 quoque
