2234 3526
555 141 586 196 V
945 143 996 198 131

150 246 241 300 omnio
258 243 391 300 diluviare
409 259 444 299 ex
462 244 518 299 alto
536 244 646 312 gurgite
663 246 748 314 ponti,

151 321 324 390 nequiquam,
342 319 470 389 quoniam
489 323 629 374 verrentes
647 337 765 389 aequora
782 320 858 374 renti

151 397 313 451 deminuunt
331 397 469 465 radiisque
487 400 614 450 retexens
631 397 769 451 aetherius
787 397 835 464 sol,

150 476 180 527 et
198 474 299 527 siccare
317 473 393 541 prius
411 473 551 526 confidunt
569 473 658 525 omnia
676 489 755 541 posse

151 565 233 618 quam
251 549 340 617 liquor
357 548 459 616 incepti
478 549 564 616 possit
582 548 741 616 contingere
757 549 846 602 finem.

151 627 259 678 tantum
277 624 412 693 spirantes
431 640 517 692 aequo
535 624 685 677 certamine
702 623 804 676 bellum

150 701 255 777 magnis
273 701 350 754 iuter
366 716 395 753 so
411 699 447 753 de
464 698 547 753 rebus
565 715 678 752 cernere
697 702 812 767 certant,

149 792 210 830 cum
229 775 313 829 semel
331 775 437 829 interea
455 775 539 829 fuerit
557 774 731 844 superantior
748 775 819 843 ignis

149 855 179 904 et
196 851 288 918 semel,
307 855 339 905 ut
357 851 429 905 sama
446 853 496 918 est,
515 866 594 903 umor
610 850 734 918 regnarit
751 851 780 905 in
798 852 876 905 arvis.

147 927 218 995 ignis
236 927 307 981 enim
326 930 437 996 superat
455 930 484 981 ct
501 926 625 980 lambens
642 927 730 981 multa
747 929 873 996 perussit,

148 1003 208 1056 avia
225 1020 286 1057 cum
306 1002 478 1057 Phaethonta
495 1019 579 1071 rapax
598 1002 638 1056 vis
656 1002 721 1056 solis
738 1018 872 1072 equorum

149 1079 260 1133 aethere
279 1080 398 1147 raptavit
415 1083 475 1132 toto
494 1084 637 1148 terrasque
655 1079 815 1146 peremnis

147 1158 178 1209 at
194 1157 274 1223 pater
291 1155 462 1281 omniplmtens
480 1154 521 1206 ira
538 1157 598 1207 tum
615 1155 736 1222 percitus
754 1156 809 1208 aeri

148 1231 349 1298 magnanimum
392 1229 542 1283 haethonta
560 1230 667 1298 repenti
685 1230 805 1284 fulminis
823 1231 881 1285 ictu

149 1305 308 1360 deturbavit
326 1305 404 1374 equis
421 1305 449 1358 in
467 1308 578 1372 terram,
597 1305 691 1373 solque
709 1306 819 1360 cadenti

148 1381 243 1435 obvius
261 1384 401 1435 aeternam
420 1380 541 1448 succepit
559 1380 687 1448 lampada
703 1381 800 1434 mundi

147 1457 330 1526 disiectosque
347 1455 456 1524 redegit
474 1459 560 1523 equos
577 1456 721 1525 iunxitque
738 1458 889 1525 trementis,

146 1534 212 1588 inde
231 1550 309 1588 suum
327 1549 378 1602 per
395 1532 600 1586 iter-recreavit
617 1535 715 1585 cuneta
731 1532 902 1600 gubernans,'

147 1610 251 1664 sedicet
267 1613 300 1663 ut
317 1613 424 1662 veteres
443 1608 556 1662 Graium
574 1606 697 1662 cecinere
714 1610 819 1676 poetae.

146 1685 221 1754 quod
238 1684 333 1754 procul
350 1701 367 1738 a
384 1699 450 1737 vera
467 1683 547 1736 nimis
565 1687 609 1738 cst
626 1684 732 1737 ratione
749 1683 896 1752 repulsum.

146 1761 217 1830 ignis
235 1761 307 1816 enim
325 1776 454 1828 superare
472 1762 565 1827 potest
581 1758 629 1813 ubi
646 1759 771 1813 materiai

146 1854 181 1891 ex
198 1837 304 1890 infinito
323 1840 387 1890 eunt
404 1852 517 1904 corpora
534 1835 613 1904 plura
631 1838 738 1900 coorta3

145 1913 209 1967 inde
227 1911 329 1966 eadunt
345 1912 418 1965 vires
436 1911 528 1978 aliqua
545 1911 649 1965 ratione
667 1911 794 1980 revictae,

146 1993 195 2043 aut
212 1991 328 2058 pereunt
344 2005 390 2042 res
407 1990 521 2041 exustae
538 1986 707 2041 torrentibus
725 1987 804 2041 auris.

145 2081 224 2118 umor
240 2065 307 2118 item
325 2064 462 2133 quondam
481 2064 571 2132 coepit
589 2079 717 2131 superare
735 2068 852 2131 coortus,

145 2143 178 2194 ut
194 2141 267 2193 fama
284 2144 334 2208 est,
352 2140 492 2194 hominum
510 2140 610 2194 multas
629 2139 738 2208 quando
757 2140 847 2194 obruit
865 2141 948 2195 urbis.

145 2215 210 2270 indo
226 2215 274 2269 ubi
291 2217 333 2269 vis
351 2216 442 2284 aliqua
459 2216 565 2268 ratione
583 2232 678 2269 aversa
695 2216 815 2281 recessit,

147 2308 181 2346 ex
198 2292 306 2346 infinito
323 2292 413 2346 fuerat
431 2306 618 2358 quaecumque
635 2294 735 2358 coorta,

147 2368 332 2422 constiterunt
349 2366 452 2419 imbres
470 2369 499 2419 et
516 2365 628 2418 flumina
646 2365 700 2417 vim
719 2367 881 2420 minuerunt.
959 2380 996 2420 41⁵

183 2445 237 2499 Sed
256 2443 355 2511 quibus
372 2442 419 2496 illo
436 2441 525 2495 modis
542 2440 681 2494 coniectus
699 2441 822 2494 materiai

109 2543 116 2552 ·
146 2520 269 2574 fundarit
287 2523 390 2574 torrem
408 2521 437 2572 et
454 2518 559 2572 eaelum
576 2517 709 2585 pontique
726 2516 867 2584 profunda,

148 2597 212 2649 solis
229 2596 302 2650 hmai
320 2611 422 2663 cursus,
440 2611 475 2648 ex
492 2594 588 2647 ordine
605 2609 710 2661 ponam.

148 2689 210 2725 nam
228 2675 303 2726 certe
320 2688 410 2741 neque
428 2670 538 2724 oonsilio
556 2670 706 2739 primordia
722 2687 815 2724 rerum

146 2748 243 2802 ordine
261 2765 290 2802 se
308 2764 357 2802 suo
375 2764 500 2818 quaeque
517 2747 606 2815 sagaci
624 2752 716 2801 mente
733 2746 856 2800 loeanmt
935 2783 938 2789 r
960 2759 996 2799 eo

147 2841 197 2878 nec
216 2841 283 2894 quos
301 2841 426 2892 quaeque
444 2823 542 2878 darent
559 2827 650 2877 motus
667 2823 798 2892 pepigere
816 2822 945 2890 profecto,

147 2899 198 2954 sed
215 2901 279 2968 quia
296 2900 382 2953 multa
399 2899 487 2953 modis
504 2900 598 2954 multis
616 2899 766 2967 primordia
782 2914 875 2954 rerum

147 2992 181 3030 ex
200 2976 306 3030 infinito
323 2976 377 3030 iam
395 2979 518 3045 tempore
535 2975 640 3044 percita
657 2975 744 3043 plagis

146 3051 368 3120 ponderibusque
385 3051 441 3106 suis
458 3054 624 3110 consuerunt
640 3051 748 3105 concita
765 3051 832 3106 ferri

147 3128 364 3197 omnimodisque
381 3128 453 3182 coire
471 3132 554 3196 atque
571 3127 662 3180 omnia
680 3129 872 3197 pertemptare,
960 3145 995 3184 aas

148 3221 334 3276 quaecumque
351 3204 429 3259 inter·
441 3219 470 3258 se
487 3206 599 3274 possent
617 3218 762 3272 congressa
779 3219 877 3272 creare,
