2244 3532
116 151 153 206 28
527 152 544 204 1

114 253 152 306 illi
170 269 232 306 cum
249 251 360 306 videant
378 251 470 320 solem,
488 268 537 304 uos
555 251 647 306 sidera
664 252 752 306 noctis
919 251 966 306 1000Ι

71 337 74 345 “
115 345 232 398 cernere,
249 331 280 401 gi
297 327 410 381 alternis
428 327 567 381 nobiscum
584 332 709 396 tempora
726 326 794 381 caeli

115 404 239 460 dividere
258 407 287 460 ei
305 407 398 456 noctes
417 403 510 470 parilis
529 405 634 470 agitare
653 403 758 458 diebus.

116 481 165 534 sed
183 496 267 534 vanus
285 478 391 532 stolidis
410 479 476 532 hacc

36 623 38 628 Ι
116 555 233 624 amplexi
251 555 324 624 quod
343 555 445 608 habent
462 571 528 622 perv

115 650 178 686 nem
195 631 315 685 medium
334 631 372 683 nil
391 647 451 684 csso
469 634 562 699 potest
919 644 967 702 1070

114 709 227 761 infinite.
246 724 335 774 neque
354 707 470 773 omnino,
490 707 512 758 si
529 707 582 759 iam
601 707 730 760 medium
747 707 792 774 sit,

115 785 200 853 possit
217 783 256 836 ibi
275 784 419 852 quicquam
437 782 586 836 consistere
610 765 996 867 Wſsffl‘u‘*

114 877 195 928 quum
214 860 309 928 quavis
327 859 380 912 ulia
397 858 477 926 longe
495 859 600 912 ruiione

114 937 200 989 omnis
219 937 290 989 enim
308 935 382 988 locus
400 952 431 988 00
450 935 574 1003 spatium,
593 935 666 1003 quod
684 935 766 988 iurene
784 949 920 1001 vocamus,

113 1029 163 1080 per
181 1012 308 1078 medium,
326 1029 377 1080 per
393 1027 447 1064 non
465 1010 593 1076 medium,
611 1011 759 1064 concedere
777 1011 851 1064 decer
918 1023 966 1062 1075

114 1105 201 1156 aeque
219 1087 391 1156 ponderibus
411 1090 501 1140 motus
520 1103 690 1155 quacumque
708 1087 840 1140 feruntur.

114 1181 163 1217 nec
182 1165 324 1231 quisquam
343 1164 416 1216 locus
436 1167 485 1230 esi,
504 1179 558 1231 quo
576 1179 689 1230 corpora
706 1180 767 1217 cum
785 1167 929 1229 venerunt,

113 1240 241 1309 ponderis
260 1241 360 1294 amissa
377 1241 403 1293 vi
422 1241 526 1308 possint
545 1242 618 1292 stare
636 1239 669 1292 io
686 1240 773 1307 inani;

113 1334 163 1371 nec
182 1316 257 1386 quod
274 1317 353 1370 inane
371 1320 464 1370 autem
485 1319 528 1370 est
547 1315 595 1368 ulli
613 1316 762 1370 subsistere
781 1316 873 1384 debet,

113 1393 186 1460 quin,
206 1395 255 1446 suc
273 1393 347 1462 quod
364 1396 465 1446 natura
482 1392 563 1462 petit,
580 1395 729 1447 concedere
746 1396 851 1462 pergat.
918 1404 965 1443 loeo

113 1468 187 1521 haud
204 1470 289 1537 igitur
308 1473 421 1538 possunt
439 1469 489 1522 tali
507 1469 613 1521 ratione
631 1469 720 1522 teneri

112 1545 201 1598 resin
219 1546 331 1598 concilio
350 1545 432 1598 medii
452 1544 604 1613 cuppedine
622 1545 716 1599 victae.

149 1621 296 1675 Praeterea
314 1622 441 1690 quoniam
461 1638 514 1673 non
533 1621 623 1674 omnia
640 1637 753 1688 corpora
771 1621 877 1686 fingunt

112 1698 141 1750 in
159 1698 279 1750 medium
297 1699 354 1765 niti,
374 1698 422 1751 sed
441 1703 576 1751 terrorum
595 1700 678 1764 atque
695 1696 816 1766 liquoris,

113 1779 142 1827 00
161 1773 237 1842 quasi
255 1776 365 1827 terreno
385 1791 455 1842 quoe
474 1790 586 1842 corpore
605 1774 802 1840 contineantur,
916 1785 965 1824 1085

90 1843 93 1849 ’
112 1866 234 1902 umorem
252 1851 329 1919 ponti
347 1866 513 1918 magnasque
534 1850 705 1903 ementibus
724 1849 819 1916 undas,

113 1929 143 1978 ut
160 1929 256 1978 contra
273 1926 363 1978 tenuis
382 1929 521 1993 exponunt
539 1927 609 1979 aeris
627 1942 706 1978 auras

113 2003 142 2054 ei
160 2000 261 2054 calidos
280 2001 357 2053 simul
377 2001 501 2054 emedio
520 2000 655 2054 differrier
672 2001 750 2068 ignis,

113 2082 197 2144 utque
214 2076 277 2130 ideo
294 2080 384 2130 toturn
403 2077 503 2130 circum
523 2081 642 2130 tremere
661 2077 773 2130 aethera
791 2075 873 2143 signis

113 2156 142 2206 et
160 2153 222 2206 solis
240 2153 376 2206 flammam
394 2169 444 2221 per
461 2153 527 2206 000Ῑί
545 2154 653 2207 caerula
670 2153 751 2222 pasci,
918 2166 965 2204 0000

113 2229 187 2297 quod
205 2228 278 2282 calor
296 2228 419 2283 emedio
437 2229 543 2296 fugiens
562 2247 591 2283 sc
608 2229 646 2282 ibi
665 2229 783 2296 conligat
801 2229 896 2300 omnis,

112 2321 162 2358 nec
180 2322 303 2373 prorsum
322 2305 464 2358 arboribus
483 2322 600 2359 summos
619 2305 794 2359 frondescere
812 2320 903 2356 ramos
973 2365 975 2369 v

113 2396 199 2448 posse,
217 2381 267 2434 nisi
287 2398 303 2434 0
321 2382 403 2434 torris
421 2381 552 2449 paulatim
571 2383 668 2450 cuique
686 2380 806 2434 cibotum

112 3079 148 3118 ne
165 3063 269 3117 volucri
287 3065 344 3119 ritu
362 3065 532 3118 flammarum
549 3065 656 3118 moenie
673 3061 769 3117 mundi

113 3139 257 3206 diffugiunt
276 3140 365 3194 subito
383 3157 511 3206 magnum
528 3155 578 3207 per
596 3141 675 3194 inane
694 3139 784 3192 soluto

113 3217 142 3269 et
160 3231 194 3269 ne
212 3219 305 3276 cetero
323 3215 456 3269 consimili
473 3216 579 3270 rationo
598 3219 747 3286 sequantur
