2252 3530
104 26 128 96 r
207 14 214 24 ’
440 7 443 14 ’
587 37 593 43 ,
645 0 812 60 m

598 97 657 156 ἸΙΙ

152 196 292 250 momine
315 197 361 250 uti
382 215 464 266 parvo
481 201 600 268 possint
621 203 750 270 inpulsa
783 190 963 251 moveri.

151 285 291 339 namque
312 278 446 326 movetur
463 291 538 342 aqua
559 279 594 328 et
615 277 747 330 tantillo
781 267 971 328 momine
990 269 1072 328 flutat

151 345 467 426 quippeyolubilibus
486 353 647 421 parvisque
665 356 803 406 creata
838 342 984 412 figuris.

186 426 321 488 ¹contra
341 423 432 476 mellis
449 429 635 479 constantior
653 433 698 481 est
724 430 906 480 natura

82 493 171 562 ‚life
209 491 293 564 pigii
314 498 415 552 latices
433 503 522 567 magis
543 507 577 554 ot
598 503 835 556 cunctantior
869 497 991 562 actus;

87 583 130 658 ἡ,
215 576 275 647 ret
290 573 371 647 onim
390 575 464 638 inter.
480 593 512 629 so
531 578 633 644 magis
651 579 763 630 omnis
797 570 987 628 materiai

132 638 252 717 *copia
275 649 413 702 nimirum
433 654 579 718 quianon
601 656 662 705 tam
681 649 986 724 lewexiat
1027 670 1035 679 ⁸

152 724 338 792 corporibus
358 741 447 793 noque
465 732 525 780 tam
548 728 709 795 suptilibus
734 731 889 794 atque
918 725 1061 781 rutundis.

152 815 289 867 namque
310 802 459 868 papaveris
478 819 551 855 aura
572 807 673 870 potest
691 814 914 870 suspensa
940 796 1063 868 levisque

28 891 71 962 b
152 891 267 942 eogere
288 881 324 928 ut
343 875 380 928 ab
400 893 506 929 summo
526 878 587 930 tibi
608 877 723 931 diffluat
749 877 884 929 altus
914 889 1045 930 acervus.

153 965 172 1002 a
209 955 320 1004 contra
339 951 464 1018 lapidum
482 953 653 1006 coniectum
671 954 743 1020 ipse
773 949 911 1004 euru’
975 969 1016 1004 iv·
1041 976 1050 999 ι

24 1003 128 1080 b*
153 1041 267 1078 noenu-
301 1030 387 1078 0test.
406 1027 492 1094 igitur
510 1027 686 1096 parvissima
706 1041 903 1096 corpora
1120 1066 1123 1073 ,

152 1117 171 1153 e
220 1101 361 1154 evrssima
379 1106 450 1168 sunt,
468 1103 511 1155 ita
531 1101 698 1155 mobilitate
720 1102 945 1154 fruuntur.

153 1180 187 1228 at
208 1179 318 1228 contra
337 1192 529 1243 quaecumque
551 1177 646 1242 magis
664 1193 732 1229 cum
760 1175 960 1244 pondere
979 1193 1078 1246 magno

153 1267 326 1318 asperaque
345 1250 535 1317 inveniuntur,
557 1267 594 1302 oo
616 1250 753 1302 stabilita
780 1250 934 1316 magis
955 1256 1029 1307 sunt.

153 1342 236 1378 nunc
255 1325 351 1391 igitur
370 1325 500 1390 quoniam
519 1331 564 1378 est
584 1324 673 1376 animi
691 1329 841 1378 natura
875 1330 1015 1392 reperta

153 1401 277 1454 mobilis
297 1400 422 1466 egregie,
441 1415 586 1468 perquam
607 1401 743 1452 constare
768 1404 986 1454 necessest

99 1510 105 1518 ·
151 1475 335 1545 corporibus
355 1474 449 1542 parvis
468 1479 498 1527 ot
517 1473 635 1526 levibus
653 1477 744 1541 atque
768 1475 982 1528 rutundis.

152 1568 233 1620 quae
254 1550 314 1603 tibi
334 1549 447 1624 cognita
465 1566 512 1602 res
533 1549 565 1622 in
587 1546 692 1624 multis,
712 1565 731 1600 o
756 1548 890 1620 bone,
922 1549 1018 1605 rebus

150 1627 238 1680 utilis
259 1625 425 1678 invenietur
444 1628 473 1677 et
493 1626 664 1691 opportuna
681 1622 828 1676 ciuebit.
994 1614 1011 1639 '¹

152 1703 229 1756 haec
248 1716 368 1768 quoque
388 1716 433 1751 ros
452 1699 542 1752 etiam
564 1699 699 1748 naturam
719 1699 893 1751 dedicat
922 1700 1007 1770 eius,

149 1795 242 1847 qnam
264 1775 350 1830 tenui
369 1779 481 1827 constet
500 1777 629 1826 textura
646 1787 807 1839 quamque
839 1773 941 1826 loco
967 1792 1002 1829 se

148 1854 307 1908 continent
327 1867 422 1918 parvo,
441 1852 464 1902 si
484 1848 583 1917 possit
605 1845 861 1916 conglomerati-1⁰,
1114 1874 1126 1899 a

146 1929 231 1999 quod
252 1926 341 1980 simul
360 1929 448 1992 atque
467 1924 622 1977 hominem
642 1919 690 1972 lai
710 1938 842 1975 secura
875 1925 996 1990 quies
1015 1929 1057 1979 cst

147 2005 276 2072 indepta
296 2005 386 2068 atquo
405 2001 491 2052 aninii
510 2001 624 2050 natura
643 1995 840 2065 animaeque
873 2001 1041 2068 recessit,

146 2080 190 2134 nil
211 2080 255 2132 ibi
275 2077 400 2130 libatum
420 2075 456 2128 dc
475 2078 542 2129 toto
563 2085 686 2138 corpore
704 2086 827 2126 conia-s

145 2157 193 2218 ad„
282 2154 290 2206 i
311 2168 350 2218 m,
369 2151 408 2203 nil
427 2151 465 2202 ad
485 2147 623 2217 pondus:
644 2161 717 2197 mors
736 2149 873 2200 omnia
906 2154 1065 2213 praestat

146 2233 211 2285 vita
224 2244 261 2283 en
325 2231 412 2280 aeter
431 2241 550 2278 sonsum
572 2219 753 2294 calidjipiiqiic
778 2239 1004 2290 vaporem.

145 2323 221 2374 crgo
241 2301 372 2358 animam
392 2304 483 2352 totam
503 2293 662 2366 perparvis
680 2309 741 2346 esse
761 2305 993 2351 necessest

145 2381 321 2446 seminibus,
341 2393 443 2429 noxam
463 2391 519 2444 pei·
540 2385 635 2424 venas
654 2369 759 2422 viscora
781 2389 977 2436 nei-vos;

143 2462 306 2528 quatenus,
327 2452 419 2505 onmis
437 2451 486 2503 ubi
508 2466 526 2502 o
547 2450 618 2500 toto
638 2443 692 2494 isin
710 2460 859 2512 corpore
895 2451 1034 2517 cessit,

143 2535 261 2590 extima
281 2527 477 2583 membrorum
499 2524 734 2577 circumcaesura
751 2526 894 2574 tamen
932 2541 984 2576 se

139 2596 325 2664 'incolumem
345 2605 475 2670 praestat
494 2615 552 2652 nec
575 2593 654 2647 defit
672 2594 813 2658 ponclcris
843 2598 1008 2651 hilum.

91 2725 95 2733 ,
144 2684 227 2758 (ωοᾰ
243 2696 343 2760 genus
362 2681 407 2730 ost
427 2673 540 2728 Bacchi
562 2685 633 2735 cum
653 2667 702 2718 flos
719 2655 865 2723 evanui}
898 2677 990 2724 aut
1013 2691 1080 2726 cuin

122 2731 435 2831 ‘'spiritus'iffi'giiciiii
453 2748 556 2804 suavis
578 2741 696 2808 diffugit
712 2742 739 2794 in
758 2760 880 2796 auras

161 2841 197 2890 ut
216 2834 318 2900 aliquo
338 2844 404 2882 cuni
422 2827 479 2879 iarn
500 2836 595 2877 sucus
616 2817 654 2868 de
673 2831 787 2902 corpore
813 2821 967 2874 cessit
983 2843 994 2885 ;

151 2908 298 2981 firmuis
317 2907 418 2958 tamen
437 2917 502 2954 esse
522 2896 628 2949 minor
647 2907 693 2943 res
710 2907 770 2958 ipsa
789 2893 992 2947 videtur

140 2965 419 3060 profiteressneque
438 2974 618 3028 detractum
638 2963 675 3016 de
693 2965 827 3050 Qiore
860 2971 1100 3041 quicquain,

141 3041 290 3131 nifflgffm.
302 3056 372 3124 quia
390 3052 483 3105 multa
502 3047 685 3108 minutaque
703 3054 816 3092 semina
844 3059 995 3097 sucos

142 3121 274 3193 efficiunt
294 3135 326 3185 et
346 3130 464 3181 odorem
485 3125 517 3176 in
540 3122 612 3172 toto
633 3129 747 3180 corpore
765 3116 823 3168 rei.

20 3211 368 3487 &ff
404 3201 602 3406 aa?
643 3218 784 3304 ὡς.

1043 624 1052 659 l
