2252 3530
128 127 166 184 96
519 129 591 184 IIII

125 228 191 282 inde
209 231 308 295 tamen,
328 227 450 296 quamvis
468 225 543 280 torte
561 227 725 296 penitusque
743 229 856 294 remota,
934 222 980 280 'scs

81 325 114 358 aso
127 305 217 359 omnia
234 322 285 374 per
302 304 387 358 flexos
405 304 496 358 aditus
514 303 615 357 educta
632 303 726 357 licebit

125 381 250 451 pluribus
268 381 335 434 hacc
354 380 471 448 speculis
489 380 636 434 videantur
653 381 681 432 in
700 379 813 433 aedibus
831 395 898 433 esse.

126 457 299 524 usqueadeo
318 457 428 526 speculo
446 456 474 509 in
493 455 633 524 speculum
652 455 803 510 translucet
820 456 919 524 imago,

125 538 154 587 ct
173 551 234 587 cum
252 533 329 586 laeva
347 532 413 586 data
431 535 481 598 cst,
501 532 533 585 lit
551 549 644 585 rusum
662 535 695 585 ut
713 531 828 586 dextera
845 532 902 600 liat,

124 610 188 664 inde
206 612 282 662 retro
299 625 408 669 rursum
426 607 499 662 redit
517 610 547 662 et
564 607 734 662 convertitur
752 607 856 662 eodem.
942 623 979 662 elo

80 709 112 740 aas
125 688 188 756 quin
208 687 291 740 etiam
309 699 498 754 quaecumque
516 684 651 755 latuscula
669 686 733 738 sunt
751 684 923 752 speculorum

125 763 242 816 adsimili
259 761 355 816 lateris
373 761 478 814 flexura
495 759 622 829 praedita
640 760 735 823 nostri,

125 839 240 893 dextera
258 854 290 892 ca
307 840 423 907 propter
440 835 518 890 nobis
536 835 680 889 simulacra
697 836 850 902 remittunt,

124 917 173 968 aut
190 914 253 983 quia
271 913 306 967 de
325 912 435 982 speculo
453 911 482 964 in
501 911 641 980 speculum
659 912 826 964 transfertur
843 911 941 979 imago,

123 991 193 1044 inde
206 990 242 1044 ad
260 1006 309 1043 nos
327 989 393 1043 elisa
410 987 453 1041 bis
471 987 589 1055 advolat,
608 992 656 1041 aut
674 988 757 1041 etiam
776 987 851 1055 quod
941 1004 978 1042 315

80 1067 227 1122 incircum
245 1065 345 1133 agitur,
364 1081 425 1118 cum
444 1064 528 1131 venit,
546 1064 635 1131 imago
654 1066 802 1133 propterea
820 1062 910 1132 quod

125 1142 196 1196 flexa
213 1142 301 1209 figura
319 1140 401 1193 docet
419 1139 524 1209 speculi
542 1140 696 1193 convertier
714 1139 750 1193 ad
767 1155 824 1192 nos.

124 1217 270 1286 indugredi
288 1232 370 1286 porro
387 1217 493 1285 pariter
511 1215 656 1269 simulacra
673 1214 827 1285 pedemque

123 1310 226 1362 ponere
244 1292 384 1346 nobiscum
402 1291 498 1345 credas
516 1295 679 1360 gestmnquc
697 1291 799 1344 imitari

125 1373 271 1440 propterca
289 1369 359 1437 quia,
377 1368 413 1422 de
431 1369 533 1437 speculi
552 1384 606 1436 qua
623 1371 703 1436 parte
721 1367 841 1434 recedas,
941 1383 978 1422 320

80 1471 111 1504 aa
125 1447 253 1501 continuo
272 1449 412 1514 nequeunt
429 1444 503 1498 illinc
522 1444 666 1498 simulacra
683 1443 785 1496 reverti
794 1465 800 1509 ;

125 1525 214 1576 omnia
231 1522 453 1591 qnandoquidem
472 1520 546 1588 cogit
563 1524 663 1575 natura
681 1519 779 1574 referri

125 1617 157 1654 ac
175 1600 280 1652 resilire
298 1598 333 1651 ab
351 1597 433 1650 rebus
452 1597 487 1650 ad
505 1613 607 1665 aequos
624 1595 736 1650 reddita
753 1595 846 1649 flexus.

81 1703 112 1736 qr
161 1673 311 1745 Splendida
328 1689 410 1743 porro
429 1673 500 1728 oculi
517 1673 638 1740 fugitant
655 1673 798 1740 vitantque
815 1671 928 1725 tueri..
1000 1667 1003 1675 ⁴

125 1752 165 1806 sol
184 1751 266 1806 etiam
285 1751 387 1817 caecat,
405 1752 500 1802 contra
518 1749 541 1802 si
558 1748 674 1802 tendere
693 1765 800 1818 pergas,

125 1832 272 1899 propterea
289 1825 353 1895 quia
369 1825 410 1879 vis
428 1829 553 1894 magnast
571 1824 657 1895 ipsius
675 1828 704 1878 et
722 1824 777 1878 alte

124 1921 190 1959 aera
207 1919 375 1974 perpurum
392 1902 513 1969 graviter
531 1902 675 1970 simulacra
691 1901 818 1954 feruntur

125 1986 155 2036 ct
172 1981 275 2035 feriunt
293 1978 385 2032 oculos
403 1977 544 2032 turbantia
563 1978 767 2047 compositurus.

125 2060 271 2127 praeterea
289 2055 417 2123 splendor
435 2054 599 2124 quicumque
617 2058 661 2109 est
679 2071 743 2108 acer
760 2052 852 2106 adurit

80 2161 112 2192 ³0⁵
126 2150 208 2203 saepe
225 2132 317 2186 oculos
334 2131 397 2184 ideo
416 2132 489 2200 quod
508 2132 611 2185 semina
627 2131 753 2200 possidet
770 2129 841 2197 ignis

125 2210 220 2278 multa,
237 2208 359 2262 dolorem
377 2208 462 2262 oculis
481 2225 550 2276 quac
567 2209 684 2276 gignunt
701 2204 873 2260 insinuando.

76 2327 81 2338 .
124 2286 214 2340 lurida
230 2288 375 2355 practerea
392 2285 463 2338 fiunt
481 2300 668 2352 (quaecumque
686 2285 801 2336 tuentur

125 2363 242 2432 arquati,
260 2360 324 2430 qnia
341 2360 440 2414 luroris
459 2360 494 2412 de
512 2375 626 2430 corpore
644 2375 739 2414 eorum

126 2439 230 2493 semina
248 2438 335 2491 multa
352 2436 441 2491 fluunt
459 2437 610 2490 simulacris
628 2436 708 2489 obvia
725 2451 825 2499 rerum,

80 2514 266 2583 ³10multaque
284 2515 348 2566 sunt
365 2512 449 2566 oculis
467 2513 495 2565 in
514 2529 606 2566 eorum
627 2511 744 2580 denique
761 2510 855 2578 urixta,

124 2607 195 2660 quac
213 2593 328 2657 contage
347 2605 396 2642 sua
413 2588 561 2658 palloribus
580 2588 670 2641 omnia
688 2588 813 2656 pingunt.

124 2683 140 2720 e
158 2665 278 2720 tenebris
296 2669 389 2719 autem
407 2680 476 2731 quae
495 2667 558 2718 sunt
575 2665 604 2717 in
621 2664 682 2717 luce
700 2667 810 2716 tuemur

124 2746 271 2812 propterea
290 2741 360 2810 quia,
379 2757 441 2793 cum
459 2741 571 2809 propior
589 2739 711 2809 caliginis
729 2755 777 2792 aer

125 2823 186 2874 ater
203 2819 254 2873 init
271 2817 363 2872 oculos
381 2815 457 2884 prior
474 2819 503 2869 et
521 2817 643 2885 possedit
661 2819 779 2884 apertos,

82 2912 113 2944 nr
125 2895 278 2964 insequitur
296 2892 416 2948 candens
434 2893 575 2946 confestim
594 2893 701 2946 lucidus
719 2908 766 2946 aer

125 2971 172 3039 qui
190 2970 268 3040 quasi
285 2973 386 3039 purgat
404 2985 449 3022 cos
468 2985 499 3022 ac
517 2969 609 3036 nigras
628 2968 743 3022 discutit
760 2966 872 3022 umbras

126 3046 196 3098 aeris
212 3046 294 3101 illius.
311 3062 374 3098 nam
392 3044 486 3098 multis
504 3045 629 3114 partibus
647 3043 691 3098 lric
710 3048 754 3099 est

125 3120 250 3174 mobilior
267 3121 414 3189 multisque
432 3121 562 3174 minutior
580 3124 609 3174 et
626 3139 705 3190 mage
723 3120 835 3190 pollens,

126 3197 174 3266 qui
192 3196 270 3249 simul
289 3203 372 3264 atque
391 3197 447 3250 vias
466 3197 605 3251 oculorum
623 3197 683 3251 luce
700 3197 818 3267 replevit
