2234 3526
103 116 159 172 lae
504 113 534 167 V

100 234 218 288 namque
234 218 275 272 ita
292 217 379 271 multa
396 216 483 270 medis
501 216 595 270 multis
612 217 761 286 primordia
778 233 870 272 rerum

100 311 135 349 ex
152 293 257 348 infinito
274 293 328 346 iam
346 296 469 360 tempore
486 292 590 359 percita
607 293 695 361 plagis

99 368 319 440 ponderibusque
337 367 392 422 suis
410 372 574 422 consuerunt
592 368 696 422 concita
712 369 779 423 ferri

101 445 316 513 omnimodisque
334 444 406 498 coire
424 448 506 512 atque
525 444 615 497 onmia
632 447 826 513 pertemptare,
915 459 952 499 mo

101 536 287 590 quaecumque
304 521 377 574 inter
395 537 424 574 se
441 524 553 588 possent
571 537 715 588 congressa
733 537 834 589 creare,

100 601 203 651 utnon
221 597 257 650 sit
274 597 373 648 mirum
391 595 459 649 siin
477 595 540 650 talis
559 595 738 664 disposituras

101 672 262 727 deciderunt
280 689 387 741 quoquo
404 675 434 725 et
451 673 479 724 in
496 671 559 724 talis
576 687 675 725 venere
692 676 807 740 meatus,

101 748 225 816 qualibus
242 749 310 802 haee
327 765 420 801 rerum
437 747 543 816 geritur
560 764 632 800 nune
650 764 756 802 summa
773 749 905 802 novando.

136 824 253 888 Quodsi
264 824 317 876 iam
330 839 423 877 rerum
434 823 557 890 ignorem
568 823 717 891 primordia
729 840 799 892 quae
812 824 874 892 sint,
918 839 953 878 ree

100 900 151 953 lroe
169 903 261 954 tamen
279 915 313 952 ex
331 899 397 968 ipsis
415 898 483 952 eaeli
500 899 651 952 rationibus
668 899 754 953 ausim

101 975 261 1028 confirmare
279 975 393 1041 aliisque
412 991 446 1028 ex
464 973 547 1027 rebus
565 975 683 1029 reddere
700 975 801 1044 multis,

101 1067 272 1120 nequequam
290 1050 369 1104 nobis
386 1050 517 1104 divinitus
536 1067 595 1104 esse
613 1054 737 1118 paratam

99 1131 225 1180 naturam
243 1143 348 1180 rerum:
367 1129 444 1180 tanta
462 1129 519 1179 stat
536 1126 662 1195 praedita
680 1127 766 1196 eulpa.

100 1203 232 1270 principie
250 1205 382 1270 quantum
400 1202 467 1255 caeli
484 1202 556 1270 tegit
572 1202 690 1270 impetus
707 1203 809 1272 iugens,

99 1277 164 1331 inde
181 1277 270 1332 aridei
287 1281 395 1345 partem
414 1280 519 1331 montes
537 1278 673 1345 silvaeque
690 1280 810 1332 ferarum

99 1353 255 1422 possedere,
271 1356 368 1406 tenent
384 1370 466 1421 rupes
483 1356 632 1420 vastaeque
649 1353 763 1422 paludes

100 1433 130 1484 et
147 1445 222 1483 mare
240 1429 313 1498 quod
330 1429 386 1483 late
404 1433 540 1482 terrarum
558 1428 671 1482 distinet
689 1445 758 1482 oras.

99 1504 165 1558 inde
183 1504 251 1558 duas
267 1520 349 1572 porro
367 1521 451 1573 prope
469 1504 555 1572 partis
573 1504 694 1557 fervidus
703 1504 793 1559 'arder

100 1580 285 1650 adsiduusque
302 1581 357 1649 geli
375 1597 453 1633 casus
470 1579 630 1633 monialibus
648 1580 744 1634 aufert.
798 1577 803 1586 '
914 1593 951 1634 aee

100 1655 174 1723 quod
193 1659 318 1724 superest
335 1655 399 1721 arvi,
416 1658 508 1709 tamen
526 1655 556 1707 id
573 1651 672 1708 natura
689 1671 738 1708 sua
754 1655 781 1708 vi

94 1731 224 1786 sentibus
242 1731 368 1797 obducat,
385 1731 414 1784 ni
431 1731 472 1784 vis
490 1730 607 1783 humana
624 1731 736 1785 resistat

101 1808 166 1861 vitai
184 1823 266 1861 eausa
284 1807 374 1861 valido
392 1810 522 1861 consueta
539 1806 644 1860 bidenti

100 1885 237 1949 ingemere
255 1887 284 1937 et
302 1887 405 1936 terram
423 1883 523 1950 pressis
541 1883 716 1950 proscindere
734 1884 839 1936 aratris.

100 1959 123 2011 si
140 1975 194 2012 non
212 1958 343 2012 fecundos
362 1962 501 2011 vertentes
518 1974 628 2012 vomere
645 1958 739 2026 glebas
913 1971 952 2010 aro

100 2035 238 2101 terraique
256 2034 342 2086 solum
361 2033 518 2100 subigentes
536 2033 623 2086 eimus
639 2034 675 2087 ad
693 2038 776 2101 ortus,

100 2115 196 2179 sponnte
214 2127 264 2164 sua
280 2113 417 2177 nequeant
434 2109 552 2176 liquidos
570 2110 688 2164 existere
706 2110 733 2162 in
751 2127 838 2178 auras,

99 2190 128 2240 et
145 2190 238 2243 tamen
255 2186 394 2240 interdum
411 2202 509 2254 magno
527 2186 651 2254 quaesita
667 2185 760 2239 labore

99 2279 159 2316 eum
177 2263 231 2315 iam
249 2279 299 2330 per
316 2264 404 2315 terras
422 2262 551 2316 frondent
568 2265 651 2331 atque
669 2261 759 2314 omnia
776 2261 881 2330 florent,

99 2342 147 2392 aut
164 2337 254 2390 nimiis
272 2340 360 2390 torret
377 2337 527 2391 fervoribus
545 2337 683 2390 aetherius
702 2336 741 2390 sol
915 2353 950 2391 215

99 2418 147 2468 aut
164 2413 247 2466 subiti
264 2415 409 2482 peremunt
426 2413 520 2466 imbris
538 2413 701 2481 gelidaeque
718 2414 840 2482 pruinae,

100 2489 238 2557 llebraqne
256 2493 399 2542 ventorum
417 2489 534 2549 violento
554 2489 662 2542 turbine
680 2491 788 2543 vexant.

99 2569 244 2634 praeterea
260 2581 347 2632 genus
364 2564 526 2618 horriferum
544 2569 644 2618 natura
661 2565 782 2618 ferarum

98 2641 233 2694 humanae
251 2640 326 2708 genti
343 2639 471 2693 infestnun
488 2643 616 2708 terraque
634 2640 755 2708 marique

99 2733 148 2770 eur
165 2716 214 2770 alit
230 2721 315 2784 atque
332 2717 430 2783 augetl
448 2733 497 2769 eur
515 2716 578 2769 anni
595 2720 720 2784 tempera
736 2717 845 2771 morbos
914 2713 951 2770 aee
1037 2788 1042 2797 Ι

100 2791 264 2860 adportantl
282 2806 366 2857 quaro
384 2808 457 2844 mors
474 2791 611 2844 inmatura
629 2794 760 2858 negaturi

100 2872 159 2921 tum
177 2884 259 2936 porro
276 2882 352 2937 puer,
369 2870 401 2919 ut
418 2867 505 2920 saenis
522 2866 659 2934 proiectus
676 2866 710 2919 ab
728 2867 808 2920 undis

99 2944 199 3010 navita,
216 2943 305 2996 nudus
322 2942 399 2996 humi
415 2942 492 3009 iacet,
509 2941 605 3008 infans,
622 2942 730 3010 indigns
748 2943 821 2997 omni

100 3017 176 3070 viteli
194 3018 300 3086 auxilie,
318 3035 380 3072 cum
397 3018 515 3088 primum
532 3017 560 3070 in
577 3016 686 3071 luminis
703 3034 764 3072 eras

100 3092 209 3145 nixibus
226 3109 261 3145 en
279 3094 339 3147 alvo
356 3094 451 3147 matris
469 3097 566 3147 natura
584 3093 713 3162 proludit,
914 3109 950 3149 225
1013 3155 1014 3158 Ἴ
1086 3111 1093 3126 ⁸

101 3168 247 3236 vagituque
260 3168 353 3248 loeunn
371 3170 478 3238 lugubri
497 3168 623 3238 complet,
640 3172 671 3222 ut
689 3174 812 3224 oeenmst
