2244 3532
516 128 553 167 xn

102 268 237 316 deducere
255 266 357 330 scripsi.
394 265 583 314 5555555555
600 274 697 326 parum
711 274 855 314 numerose
866 276 957 328 quan-

104 351 166 398 tum
177 352 216 398 esi
228 345 260 397 15
273 361 300 398 55
312 345 444 398 deorsum
455 344 563 398 ducere.

155 435 205 483 219
242 428 429 482 5555555555
446 445 556 482 sommo
573 427 700 494 addidii3
724 428 823 482 meiius
840 428 958 498 Bernay-

103 517 159 568 5155
177 514 254 569 coeli.
272 515 304 567 ci.
324 514 378 567 Cic.
395 515 474 568 5555.
486 519 536 571 297
551 513 594 568 ed.
616 515 696 568 Buhl.
710 531 821 569 commo
840 516 911 569 coeii
924 517 958 570 de

103 603 210 656 vertice.

155 693 206 742 249
233 704 295 741 cum
307 685 446 740 veteribus
462 693 537 740 recia
549 687 651 740 addidi.
668 687 855 742 Lachmannus
869 689 956 743 55115.

103 776 227 826 ceterum
243 779 319 826 recto
331 773 446 840 cepione
460 772 504 826 hic
522 773 621 826 Latine
633 773 687 826 diei
704 790 758 827 non
778 791 858 843 posse
876 791 958 843 aegro

104 858 169 911 mihi
189 857 338 926 persuadet
357 858 399 910 vir
418 857 555 925 egregius.
573 858 605 911 of.
624 857 789 914 Liv.xx131
804 876 863 913 oon
881 867 957 913 reete

103 947 216 1014 5551555
228 944 432 1011 5551555555,
444 945 493 999 ced
502 945 543 998 ed
552 945 660 999 leecem
669 981 676 997 .
686 945 804 1011 ..flexio

155 1038 206 1086 250
241 1047 292 1102 pro
318 1042 384 1081 5555
407 1031 503 1101 scripsi
529 1031 563 1084 de
590 1047 624 1085 ec.
647 1030 837 1086 Lachmsnnus
861 1036 957 1086 contra

101 1122 225 1185 praestet
236 1135 287 1187 pro
300 1128 403 1171 Possm

155 1209 206 1258 252
242 1209 305 1273 posi
328 1206 461 1260 exoritur
481 1220 542 1258 cum
564 1201 704 1256 veteribus
724 1219 834 1272 semper
854 1202 956 1257 addidi.

104 1291 292 1345 5555555555
304 1309 357 1346 555
369 1292 439 1346 5555
451 1296 544 1344 coccio
556 1289 696 1343 55551555.

155 1383 205 1435 267
241 1384 380 1434 corrector
396 1379 506 1446 oblongi
518 1380 547 1430 55
566 1375 625 1430 Nic.
643 1374 679 1430 de
697 1376 800 1431 Nicolis
814 1377 955 1443 conquiri.

104 1465 281 1519 membranae
294 1469 324 1520 55
336 1466 527 1520 5555555555
540 1473 669 1517 50551151.

159 1558 208 1606 291
245 1555 308 1620 posi
320 1552 404 1620 55551
416 1550 512 1604 addidi
523 1551 573 1602 icoc
580 1569 593 1614 ;
613 1549 802 1603 5555555555
814 1545 853 1600 ie.

156 1643 207 1692 395
243 1644 326 1690 cetra
340 1636 444 1690 excidii
461 1638 524 1704 posi
542 1640 588 1688 esi.
624 1634 813 1687 5555555555
831 1647 954 1685 55555555

13 1713 17 1720 ’
103 1723 131 1776 15
146 1723 200 1776 fine
223 1738 319 1776 versus
336 1721 437 1790 posuit.
458 1720 491 1775 ci.
509 1739 526 1773 v
543 1724 592 1774 361
611 1723 669 1773 ei1
687 1723 745 1784 963,
767 1721 795 1771 55
813 1732 873 1770 555.
890 1715 954 1785 phil.

105 1809 246 1878 Oani.1p.
260 1811 320 1865 375.

155 1897 206 1948 342
241 1912 291 1964 pro
303 1905 455 1946 55555555
467 1893 563 1962 scripsi
579 1896 707 1961 praestet
719 1905 787 1957 rem,
799 1889 851 1943 hoe
863 1891 913 1954 555,
925 1889 955 1941 id

104 1982 178 2050 quod
194 1981 255 2035 dico
271 1996 367 2034 verum
385 1995 445 2033 5555
462 1979 612 2033 55555555.
647 1975 836 2030 5555555555
851 1981 955 2042 parto-

104 2069 198 2134 rz'oui,
212 2065 288 2137 quod
298 2065 459 2132 intellegere
470 2079 584 2132 nequeo.

156 2160 205 2209 359
240 2168 292 2221 pro
316 2161 478 2203 55555555
501 2149 566 2203 dedi
589 2148 730 2204 55555555.
765 2145 955 2200 5555555555

104 2242 258 2297 adsiduos.

155 2334 205 2383 363
241 2344 291 2398 pro
310 2337 440 2378 55515515
460 2324 555 2394 scripsi
579 2328 730 2390 sumptam.
766 2319 956 2374 5555555555

104 2414 216 2468 solitam
222 2433 235 2479 ‚·
253 2412 303 2468 sed
314 2429 410 2466 vaccae
422 2427 488 2464 cura
499 2410 592 2478 potius
605 2408 720 2462 55551515
732 2411 782 2461 555.

156 2503 214 2557 387.
251 2502 280 2553 55
295 2498 339 2551 515
356 2499 384 2550 55
398 2511 428 2549 vl
441 2501 490 2550 999
507 2512 556 2564 pro
574 2505 667 2546 ORTUS
681 2492 869 2546 Lochmannus
883 2496 955 2543 orio.

155 2589 206 2638 428
240 2582 304 2636 huic
328 2581 418 2635 versui
442 2580 555 2648 quique,
580 2579 632 2631 hoc
655 2581 699 2631 555
723 2577 831 2646 angelii,
852 2573 955 2629 addidi.

105 2668 293 2722 5555555555
306 2681 435 2733 quaeque.
472 2667 618 2732 praeterea
629 2663 658 2716 in
670 2662 801 2731 proximo,
813 2660 955 2728 flagitante

105 2754 234 2809 55515515
248 2756 393 2818 structura,
408 2751 520 2819 possint
539 2751 634 2819 scripsi
654 2766 715 2803 eum
736 2747 858 2815 oblongo,
876 2745 955 2800 155115

104 2846 134 2897 55
152 2843 246 2896 codiee
275 2840 445 2910 sangallensi
466 2840 631 2894 scholiorum
652 2839 681 2890 in
700 2836 867 2902 Iuvenalem,
886 2837 918 2888 55
939 2850 956 2886 5

12 2931 16 2940 ’
107 2928 269 2982 55555551
281 2944 376 2982 comm.
388 2944 415 2996 p.
428 2932 480 2981 293
492 2925 584 2979 didici.
622 2925 646 2977 is
655 2929 782 2992 possunt.

155 3020 206 3069 438
243 3014 432 3068 Lachmannus
452 3013 518 3066 mihi
538 3013 595 3066 falli
615 3011 724 3064 videtur
742 3009 791 3080 qui
804 3015 888 3076 elque
905 3023 955 3074 pro

104 3114 165 3157 555
181 3102 250 3171 legit
264 3105 293 3156 55
307 3102 371 3155 5155
388 3117 486 3154 novam
503 3100 600 3168 incipit
617 3097 789 3152 senientiam.
825 3101 875 3150 439
893 3111 955 3148 oum

104 3189 141 3245 ed
153 3190 226 3245 1555.
244 3205 297 3259 que
309 3192 318 3257 (
339 3191 353 3258 .)
366 3192 430 3259 posi
441 3187 620 3256 conscendent
632 3185 734 3239 addidi.
