2234 3526
109 153 164 213 148
513 153 545 210 V

105 258 242 326 suspensis
261 261 371 310 teneros
388 255 532 312 imitantur
550 257 679 310 dentibus
697 257 819 327 haustus,

106 335 184 400 longe
202 333 254 386 alio
273 343 351 401 pacto
369 334 482 400 gannitu
500 334 573 387 vocis
592 333 713 401 adulant,
911 350 962 392 1070

105 415 133 463 01
151 425 212 463 oum
231 410 333 465 deserti
351 410 507 463 baubantur
524 411 552 462 in
570 410 685 464 aedibus
703 414 751 465 aut
769 429 832 466 cum

104 485 237 553 plorantis
255 486 364 554 fugiunt
382 487 523 539 summisso
541 503 654 554 corpore
672 487 773 556 plagas.

104 561 222 630 denique
239 579 292 615 non
311 562 431 616 hinnitus
449 563 516 615 110111
536 563 644 616 differre
662 563 779 630 videtur,

104 637 177 691 inter
193 654 279 708 equas
296 638 342 691 ubi
362 656 447 706 equus
465 639 573 692 florenti
591 642 683 709 aetate
701 639 830 694 iuvencus

103 714 237 782 pinnigeri
255 716 342 770 saevit
360 714 509 768 calcaribus
527 715 598 768 ictus
616 715 721 781 amoris,
911 732 959 771 rurs

104 793 133 843 et
150 790 290 844 fremitum
309 792 410 860 patulis
428 791 475 844 ubi
494 791 604 845 naribus
623 792 681 845 edit
698 791 734 844 ad
753 809 836 859 arma,

104 870 212 921 etcum
231 868 269 921 sic
288 868 354 921 alias
371 869 508 921 concussis
526 867 631 921 artibus
650 868 755 922 hinniti

103 947 242 1012 postremo
260 961 346 1012 genus
365 944 479 997 alituum
499 945 643 1013 variaeque
662 945 794 1006 volucres

103 1021 246 1089 accipitres
265 1025 348 1088 atque
367 1021 515 1088 ossifragae
533 1023 676 1090 mergique
694 1022 806 1074 marinis

103 1096 229 1150 fluctibus
247 1096 275 1149 in
294 1096 363 1150 salso
382 1096 484 1150 victum
503 1098 641 1166 vitamque
658 1101 793 1166 petentes,
908 1113 958 1151 1000

103 1172 183 1242 longe
202 1171 269 1226 alias
286 1172 338 1226 alio
356 1173 459 1226 iaciunt
476 1174 504 1226 in
522 1177 647 1242 tempore
666 1191 752 1241 voces,

104 1253 133 1302 et
150 1265 232 1317 quom
251 1248 293 1302 de.
304 1249 379 1304 victu
396 1253 504 1304 certant
522 1250 696 1319 praedaeque
714 1254 876 1319 repugnant.

103 1328 132 1378 et
151 1324 250 1393 partim
269 1329 376 1380 mutant
394 1343 454 1379 cum
474 1326 688 1396 tempestatibus
705 1344 760 1380 una

81 1423 84 1428 ·
103 1402 256 1455 raucisonos
275 1407 378 1470 cantus,
396 1403 534 1456 cornicum
551 1407 583 1456 ut
601 1403 690 1456 saecla
707 1407 816 1457 vetusta

103 1493 299 1546 corvorumque
310 1496 409 1547 greges
422 1479 469 1532 ubi
482 1495 580 1547 aquam
593 1479 723 1533 dicuntur
735 1485 764 1534 et
777 1479 870 1534 imbris
906 1495 956 1534 1005

102 1570 215 1622 poscere
233 1561 262 1608 ct
279 1554 418 1608 interdurn
437 1559 532 1609 ventos
549 1571 684 1624 aurasque
702 1573 805 1610 vocare.

103 1647 168 1697 ergo
187 1631 209 1684 si
228 1631 295 1684 varii
312 1648 407 1685 sensus
425 1632 551 1684 animalia
569 1635 677 1700 cogunt,

102 1711 179 1760 muta
196 1711 287 1762 tamen
306 1724 367 1761 cum
385 1709 447 1775 sint,
466 1708 555 1762 varias
573 1708 701 1762 emittere
720 1726 806 1777 voces,

103 1788 205 1851 quanto
223 1784 346 1838 mortalis
363 1785 449 1852 magis
467 1788 589 1839 aecumst
606 1788 666 1838 10111
684 1786 806 1855 potuisse

102 1859 239 1912 dissimilis
257 1860 310 1913 alia
327 1864 411 1928 atque
429 1861 482 1913 alia
500 1877 544 1914 res
562 1877 627 1914 roco
645 1865 758 1915 notare!
907 1876 955 1914 1000

137 1934 222 2003 [illud
240 1936 268 1988 in
286 1936 329 1988 his
347 1935 429 1990 rebus
447 1936 547 1989 tacitus
566 1953 601 1990 ne
618 1937 689 1991 forte
708 1938 838 2006 requiras,

100 2010 202 2064 fulmen
221 2011 322 2065 detulit
340 2012 368 2065 in
386 2016 489 2065 terram
508 2012 668 2066 mortalibus
686 2014 777 2080 ignem

102 2087 235 2158 primitus,
253 2089 317 2142 indo
336 2088 422 2141 omnis
440 2088 610 2141 flammarum
629 2089 734 2144 diditur
752 2089 841 2144 ardor.

102 2165 188 2218 multa
205 2165 329 2219 ridemus
347 2165 419 2217 enim
437 2164 600 2218 eoelestibus
619 2165 696 2218 inlita
713 2166 829 2218 flammis

101 2243 214 2309 fulgere,
232 2256 293 2294 cum
311 2241 377 2293 eacli
398 2240 510 2294 donavit
528 2241 607 2308 plaga
625 2258 731 2310 vapore.
906 2257 954 2296 1000

102 2323 131 2372 01
149 2334 256 2371 ramosa
273 2321 365 2370 tamen
384 2333 445 2370 cum
463 2317 552 2370 ventis
570 2318 648 2386 pulsa
666 2317 793 2371 vacillans

102 2397 210 2447 aestuat
227 2394 255 2446 in
273 2409 362 2445 1011100
380 2393 540 2446 incumbens
558 2393 663 2448 arboris
681 2393 770 2460 arbor,

102 2469 263 2538 exprimitur
281 2469 377 2521 validis
396 2469 515 2521 extritus
533 2469 636 2522 viribus
653 2470 726 2536 ignis

102 2549 131 2599 ct
148 2546 231 2599 micat
249 2545 387 2598 interdum
405 2544 525 2597 1100111101
542 2545 664 2598 fervidus
682 2545 771 2612 ardor,

101 2627 197 2675 mutua
215 2621 279 2674 dum
298 2620 371 2673 inter
389 2636 418 2672 se
436 2621 505 2672 rami
523 2621 679 2689 stirpesque
698 2625 833 2675 teruntur.
908 2637 954 2675 1100

101 2715 215 2767 quorum
233 2701 380 2765 utrumque
399 2695 507 2749 dedisse
525 2699 616 2764 potest
634 2697 794 2750 mortalibus
812 2698 911 2765 ignem.

100 2775 164 2828 inde
182 2775 272 2828 cibum
290 2788 406 2841 coquere
424 2788 455 2825 ac
472 2772 597 2825 fiammae
615 2773 721 2825 mollire
738 2791 838 2841 vapore

100 2851 140 2903 sol
158 2850 257 2917 docuit,
275 2849 402 2918 quoniam
420 2847 564 2900 mitescere
581 2847 667 2902 multa
685 2848 816 2902 videbant

101 2926 260 2980 verberibus
277 2925 416 2979 radiorum
434 2927 518 2992 atque
535 2926 614 2978 aestu
632 2924 704 2978 victa
722 2942 772 2994 per
789 2941 876 2993 agros.
946 2935 953 2948 “

137 3001 226 3070 Inque
244 3002 303 3056 dies
320 3001 407 3069 magis
424 2998 453 3052 hi
470 2999 572 3052 rictum
590 2999 729 3069 vitamque
747 3001 866 3070 priorem
907 3016 953 3054 1105

101 3081 267 3131 commutare
285 3077 362 3130 novis
379 3073 569 3129 monstrabant
586 3075 669 3130 rebus
688 3081 717 3130 et
734 3097 794 3136 rem,

101 3153 209 3218 ingenio
227 3154 273 3219 qui
290 3149 468 3220 praestabant
486 3153 515 3203 01
532 3150 615 3204 eorde
633 3151 769 3218 vigebant.

50 3251 52 3255 ·
100 3227 217 3280 condere
235 3231 383 3294 cooperunt
401 3226 475 3277 urbis
494 3242 638 3293 arcemque
656 3227 745 3278 locare
