2234 3526
548 143 578 196 V
927 145 983 200 153

132 259 183 300 nee
200 246 289 300 minus
307 247 420 312 argente
438 245 528 298 facere
546 244 613 298 haec
631 262 750 313 auroque
767 246 903 315 parabant

132 339 214 390 quam
232 321 316 374 validi
334 320 597 388 primumviolentis
615 320 716 373 viribus
734 323 813 387 acris,
937 337 984 376 1270

130 399 304 467 nequiquam,
324 397 450 464 quoniam
468 396 585 449 cedebat
604 398 676 450 victa
694 401 815 464 potestas

130 492 180 528 nec
198 477 308 543 poterat
325 473 429 542 pariter
448 473 547 525 dururn
567 473 681 526 sufferre
699 473 826 526 laborem.

131 555 191 604 tum
209 549 261 603 fuit
279 550 306 602 in
323 550 412 618 pretio
431 551 517 617 magis
535 567 580 602 ecs
598 565 748 618 aurumque
765 549 871 602 iacebat

131 631 244 695 propter
261 626 438 680 inutilitatem
457 626 550 679 hebeti
570 642 697 678 mucrone
715 629 846 679 retusum.

131 703 342 770 nunciacctaes,
351 695 483 756 aurumin
492 719 627 756 summum
636 702 766 756 successit
774 702 910 755 honorem.
935 715 983 756 1110

132 779 170 831 sie
189 779 321 831 volvenda
336 783 412 832 aetas
430 782 580 832 commutat
598 782 724 847 tempora
741 794 840 832 rerum.

131 855 205 922 quod
224 855 276 908 fuit
293 854 321 907 in
339 856 435 923 pretio,
453 856 486 908 fit
503 855 577 908 nullo
597 855 714 921 denique
733 854 849 918 honore;

131 948 213 999 porro
231 932 298 985 aliut
316 933 438 985 succedit
457 935 486 986 et
503 931 734 1000 econtemptibus
753 931 811 984 exit

131 1011 213 1075 inque
231 1007 290 1062 dies
308 1009 394 1076 magis
413 1009 554 1078 adpetitur
571 1008 705 1076 floretque
722 1011 863 1076 repertum

131 1083 257 1138 laudibus
275 1088 304 1138 et
322 1086 390 1138 miro
408 1090 451 1139 est
469 1085 590 1139 mortalis
606 1085 679 1139 inter
695 1085 805 1139 honore.
935 1096 984 1151 1100

167 1161 193 1213 N
195 1178 247 1215 nuc
265 1161 315 1215 tibi
333 1180 387 1230 quo
404 1166 485 1230 pacto
503 1163 568 1215 ferri
587 1166 684 1215 natura
702 1164 811 1228 reperta

132 1237 169 1290 sit
186 1237 293 1291 facilest
310 1239 362 1306 ipsi
380 1255 430 1306 per
446 1241 476 1292 te
493 1255 663 1306 cognoscere,
682 1237 802 1290 Monuni.

132 1329 207 1366 arma
222 1295 339 1382 bntiqua
355 1331 451 1367 manus
470 1331 575 1382 ungues
593 1314 745 1381 dentesque
763 1312 873 1364 fuerunt

131 1391 161 1442 ct
179 1389 285 1457 lapides
302 1394 331 1443 et
348 1391 415 1443 item
433 1390 562 1444 silvarum
579 1389 713 1457 fragmina
731 1388 807 1454 rami,

131 1465 273 1519 etflamma
282 1469 366 1534 atque
372 1467 606 1535 ignes,p0stqnam
612 1469 676 1519 sunt
683 1463 919 1533 cognitaprirnuru.
935 1475 983 1514 1100

130 1541 267 1608 posterius
284 1542 350 1594 ferri
368 1543 409 1595 vis
427 1548 470 1596 est
488 1543 614 1611 aerisque
632 1545 749 1610 reperta.

131 1621 159 1670 et
178 1618 253 1685 prior
271 1617 342 1671 aeris
361 1622 422 1672 erat
439 1635 521 1687 quam
539 1617 605 1672 ferri
624 1618 749 1685 cognitus
766 1631 840 1683 usus,

131 1710 185 1761 quo
202 1692 288 1748 facilis
306 1695 392 1761 magis
410 1699 454 1747 est
471 1697 571 1747 natura
588 1697 617 1747 et
635 1694 714 1762 copia
731 1693 824 1746 maior.

109 1817 113 1826 .
131 1785 196 1834 acre
213 1769 299 1824 solum
318 1773 410 1824 terrae
428 1770 591 1839 tractabant,
609 1786 727 1837 aereque
745 1768 810 1822 belli

131 1846 282 1901 miscebant
300 1848 399 1901 fluctus
417 1850 446 1901 01
464 1847 578 1900 vulnera
595 1849 673 1900 vasta
691 1845 819 1900 serebant
936 1859 983 1897 1111

131 1925 161 1975 01
178 1939 260 1991 pecus
278 1927 362 1991 atque
380 1940 460 1992 agros
478 1923 642 1976 adimebant.
661 1939 723 1976 nam
741 1922 820 1976 facile
838 1921 898 1974 ollis

131 1999 221 2052 omniu
238 1999 372 2054 cedebant
390 1999 505 2053 armatis
522 1999 596 2052 nuda
614 2003 643 2053 et
661 2000 771 2052 inerma.

131 2073 195 2127 inde
213 2076 369 2129 minutatim
386 2076 519 2143 processit
536 2076 642 2130 ferrcus
660 2077 732 2130 ensis

131 2166 263 2217 versaque
281 2152 310 2204 in
328 2151 489 2219 obprobium
508 2154 612 2219 species
630 2156 673 2207 est
691 2152 767 2205 falcis
784 2151 894 2217 aheuae,

131 2229 160 2278 01
177 2225 251 2278 10110
269 2242 382 2295 coepere
400 2228 487 2280 solum
505 2228 680 2295 proscindere
698 2230 788 2280 terrae
936 2240 983 2278 1100

131 2305 339 2370 exaequataque
357 2306 420 2356 sunt
438 2302 544 2371 creperi
562 2303 712 2355 certamina
728 2301 801 2354 belli.

131 2382 161 2431 01
178 2378 254 2446 prius
272 2381 314 2432 cst
332 2381 468 2431 armatum
485 2378 513 2430 in
531 2378 594 2445 equi
613 2377 793 2430 conscendere
811 2379 900 2430 costas

132 2458 161 2507 ct
179 2453 346 2507 moderarier
363 2454 435 2507 hunc
452 2453 538 2507 frenis
556 2453 709 2520 dextraque
727 2452 820 2519 vigere

132 2546 214 2597 quam
231 2529 324 2598 biiugo
342 2547 424 2584 curru
440 2529 507 2584 belli
524 2533 661 2598 temptare
678 2528 786 2599 pericla.

132 2608 162 2658 ct
179 2605 285 2674 biiugos
303 2607 379 2675 prius
398 2610 442 2660 est
461 2623 542 2674 quarn
562 2604 604 2658 bis
622 2607 786 2672 coniungere
804 2603 884 2657 binos
930 2618 984 2660 uaoo

132 2685 161 2734 et
180 2698 261 2748 quam
280 2681 416 2736 falciferos
434 2686 570 2736 armatum
589 2681 737 2736 escendere
755 2697 858 2735 currus.

132 2757 196 2811 inde
214 2757 298 2812 boves
316 2759 393 2813 lucas
411 2759 511 2812 turrito
529 2775 649 2826 corpore,
667 2762 778 2824 taetras,

133 2835 318 2903 anguimanus,
336 2834 402 2889 belli
420 2835 572 2889 docuerunt
589 2836 700 2888 volnera
719 2833 803 2887 Poeni

133 2909 247 2965 sufferre
264 2914 294 2964 et
311 2927 424 2979 magnas
443 2911 541 2965 Martis
559 2911 671 2966 turbare
689 2914 818 2964 catervas.

133 2987 172 3040 sic
189 2986 244 3041 alid
263 3003 297 3040 ex
315 2987 368 3040 alie
386 2989 493 3056 peperit
511 2988 647 3042 discordia
664 2987 759 3052 tristis,
936 3001 983 3039 1000

133 3062 263 3117 horribile
280 3063 406 3116 humanis
424 3064 498 3133 quod
514 3065 643 3132 gentibus
661 3067 735 3118 esset
752 3064 780 3114 in
797 3061 887 3130 aruris,

134 3138 216 3207 inque
235 3139 294 3194 dies
311 3139 377 3194 belli
396 3141 548 3194 terroribus
566 3140 676 3195 addidit
694 3156 815 3207 augmen.

168 3215 348 3288 Temptarunt
366 3217 449 3272 etiam
467 3221 560 3273 tauros
578 3218 606 3272 in
624 3233 751 3272 moenere
770 3215 833 3269 belli
