2234 3526
571 142 620 198 Vi
958 151 1008 208 lin

162 243 267 312 quippe
284 239 386 295 etenim
403 242 492 310 primo
508 243 585 310 qussi
601 245 738 312 quendum
755 248 860 302 conciet
877 255 990 304 aestum

160 319 301 389 posterius
317 318 352 370 fit
368 319 417 382 uti,
435 335 497 370 cum
514 319 569 370 iam
586 320 711 373 cecidere
729 322 826 374 veneni

159 399 190 451 iu
207 397 291 451 fontis
307 395 390 464 ipsos,
407 395 445 447 ibi
463 397 500 448 sit
517 413 627 464 quoquc
644 397 701 450 vite
720 401 853 455 vomendo

159 479 310 543 propterea
327 471 401 540 quod
418 488 518 538 magna
533 473 598 525 mali
615 473 649 528 tit
665 475 743 542 copis
759 477 868 531 circum

197 550 245 603 Fit
251 565 362 618 quoque
367 554 400 602 ut
406 547 544 600 interdum
552 549 669 602 risbaec
680 555 861 618 atqueaestns
866 557 969 610 Averni
976 573 1011 610 me

159 643 233 694 aera,
251 626 299 695 qui
315 627 391 679 inter
406 626 464 678 avis
480 629 625 692 cumquest
642 630 799 695 ter-rumque
817 629 928 695 locatus,

160 702 297 767 discutiet,
314 719 403 772 prope
419 702 461 754 uti
479 701 552 754 locus
569 701 614 754 bie
631 701 770 770 linquatur
787 705 880 758 inanis

158 780 238 833 cuius
254 778 302 831 ubi
319 796 337 833 e
353 780 464 846 regione
480 777 532 830 loci
549 794 649 832 venere
666 776 796 843 volentos,

158 855 296 910 claudicet
313 855 452 922 extemplo
469 855 613 920 pinnarum
630 855 706 908 uisus
722 856 810 910 inanis

96 943 102 955 ¹
158 935 189 985 et
206 949 337 984 conamen
354 932 495 1000 utrimque
511 931 615 984 uiarum
633 931 759 1001 proditur
775 950 861 987 omne.
973 951 1009 988 ms

157 1002 205 1061 bic
222 1008 272 1061 ubi
288 1009 376 1061 nixari
393 1012 532 1076 nequeunt
548 1008 731 1076 insistereque
747 1009 805 1075 alis,

157 1084 265 1138 scilieet
281 1085 309 1137 in
326 1089 430 1138 terrem
448 1083 539 1137 delabi
557 1085 680 1153 pondere
697 1087 769 1152 cogit

157 1165 264 1227 natum,
283 1164 313 1214 et
329 1176 445 1214 vaenum
461 1177 548 1229 prope
562 1161 617 1213 ium
634 1178 684 1228 per
701 1162 780 1215 inane
798 1163 917 1218 iacentes

155 1236 321 1306 dispergunt
338 1237 442 1289 animas
458 1252 509 1304 per
526 1237 616 1289 caulas
632 1238 751 1305 eorporis
769 1239 862 1293 omnis

569 1331 584 1363 *

152 1388 282 1457 frigidior
299 1405 381 1458 porro
398 1389 426 1442 iu
443 1389 536 1459 puteis
552 1391 658 1442 aestate
675 1389 708 1442 fit
724 1406 810 1454 umor,
968 1409 1006 1447 sso

154 1466 272 1520 rarescit
289 1466 352 1533 quis
369 1469 445 1519 terre
461 1465 551 1519 calore
568 1470 598 1518 et
616 1466 719 1518 semiue
736 1465 829 1533 siquae

153 1543 227 1596 forte
244 1542 353 1610 vaporis
370 1541 455 1595 hebet
470 1542 579 1610 proprii,
598 1541 714 1594 dimittit
731 1542 759 1592 in
777 1557 864 1595 eurus.

153 1636 210 1687 quo
227 1619 316 1686 magis
333 1621 377 1672 est
394 1618 479 1686 igitur
497 1617 577 1671 tellum
594 1617 676 1670 effeta
694 1617 808 1682 eslere.

153 1695 191 1748 fit.
204 1711 313 1764 quoque
331 1694 459 1762 frigidior
476 1694 523 1763 qui
540 1694 569 1746 in
587 1697 689 1747 terrast
706 1692 817 1746 abditus
834 1711 918 1750 umor.

151 1771 257 1840 frigore
275 1787 336 1825 cum
354 1771 489 1840 premitur
506 1786 587 1839 porro
605 1770 693 1823 omnis
710 1774 785 1823 terre
802 1771 911 1840 coitque
966 1789 1002 1828 sss

152 1851 182 1901 et
200 1847 279 1916 quasi
297 1848 454 1914 concrescit,
472 1846 505 1899 fit
522 1846 626 1900 scilicet
643 1849 676 1899 ut
693 1845 814 1899 coeundo

151 1925 291 1993 exprimat
307 1924 336 1976 in
353 1926 451 1992 puteos
469 1923 493 1976 si
510 1939 593 1991 quem
609 1923 682 1990 gerit
699 1923 758 1991 ipsa
773 1923 896 1979 calorem.

187 2002 258 2054 Esse
274 1999 349 2068 apud
368 1999 529 2053 Hammonis
546 2001 638 2053 fenum
656 2000 716 2054 fons
733 1999 794 2054 luce
811 1999 909 2056 diurna
1000 2029 1003 2038 ·

67 2105 69 2107 -
148 2076 266 2144 frigidus
284 2080 314 2130 et
331 2074 434 2129 calidus
451 2081 583 2130 nocturno
601 2079 724 2144 tempore
742 2077 837 2130 fertur.

149 2152 223 2207 hune
240 2153 363 2206 homines
380 2153 483 2205 fontem
500 2153 579 2204 nimis
597 2153 767 2206 admirantur
784 2158 813 2206 et
830 2155 886 2206 acri
962 2167 999 2205 sto

149 2229 206 2282 soie
223 2231 325 2298 putent
342 2231 438 2296 supter
455 2231 543 2280 terras
560 2229 711 2281 fervescere
727 2229 835 2296 raptim,

148 2322 204 2358 nox
221 2305 270 2358 ubi
287 2303 405 2358 terribili
423 2307 511 2357 terras
530 2303 644 2370 ealigine
662 2303 740 2356 texit.

148 2379 223 2448 qnod
241 2379 321 2434 nimis
339 2397 356 2433 a
372 2382 464 2432 verast
481 2379 561 2446 longe
579 2378 684 2431 ratione
701 2371 860 2432 remotum]

147 2456 251 2526 quippe
268 2455 316 2508 nbi
334 2456 373 2508 sol
391 2455 495 2509 nudum
512 2458 685 2509 contractans
702 2470 801 2523 eorpus
818 2455 897 2523 acprai

146 2548 201 2586 non
220 2533 320 2601 quierit
338 2532 455 2586 calidum
474 2548 572 2602 supera
589 2532 625 2584 de
642 2530 758 2586 reddere
775 2536 862 2601 parte,
959 2548 995 2586 sss

147 2626 209 2663 cum
228 2625 357 2678 superum
375 2609 466 2662 lumen
484 2613 561 2662 tanto
579 2609 685 2662 fervore
702 2609 817 2676 furatur,

146 2685 195 2754 qui
214 2689 297 2753 queat
314 2685 358 2738 hic
376 2689 472 2754 supter
489 2690 547 2739 tam
565 2702 656 2738 cresso
674 2702 785 2754 corpore
802 2689 904 2738 terrum

144 2778 315 2831 percoquerc
333 2778 454 2815 umorem
473 2767 502 2816 et
520 2761 608 2816 calido
626 2762 726 2815 satiare
744 2763 861 2830 reporei

144 2839 307 2907 praesertim
325 2855 387 2891 cnm
404 2838 449 2891 vix
466 2839 553 2908 possit
569 2856 619 2907 per
637 2844 732 2908 saepta
749 2839 890 2892 domorum

143 2914 284 2967 insinuare
302 2931 380 2967 suum
397 2913 482 2969 radiis
499 2915 659 2970 ardentibus
676 2920 789 2969 aestum.
956 2932 991 2969 sco

145 3007 216 3060 quse
233 2989 333 3044 ratiost
349 2991 452 3058 igiturt
470 2993 596 3046 nimirum
614 2997 689 3046 terra
707 2992 793 3060 rnsgis
809 2992 883 3060 quod

144 3083 209 3120 rara
225 3070 305 3136 tepet
322 3067 424 3122 circum
441 3069 545 3123 fontem
563 3086 644 3138 quam
662 3074 754 3123 cetera
772 3069 854 3123 tellus

143 3143 286 3211 multaque
303 3147 366 3198 sunt
383 3145 454 3212 ignis
472 3162 557 3215 prope
575 3145 677 3200 semina
693 3163 791 3217 corpus
808 3146 895 3215 aquei.

144 3221 195 3273 hoc
212 3219 260 3272 ubi
277 3221 397 3274 roriferis
414 3225 516 3275 terrem
534 3239 587 3275 nox
606 3223 697 3277 obruit
716 3224 825 3289 umbris,
